<?xml version="1.0" encoding="UTF-8"?>
<!DOCTYPE html PUBLIC "-//W3C//DTD XHTML 1.0 Transitional//EN"
    "http://www.w3.org/TR/xhtml1/DTD/xhtml1-transitional.dtd">
<html xmlns="http://www.w3.org/1999/xhtml" xml:lang="en" lang="en">
 <head>
  <title>
</title>
<meta http-equiv="Content-Type" content="text/html;charset=utf-8" />
  <meta name='ocr-system' content='tesseract 3.04.00' />
  <meta name='ocr-capabilities' content='ocr_page ocr_carea ocr_par ocr_line ocrx_word'/>
</head>
<body>
  <div class='ocr_page' id='page_1' title='image "./commentatiodefo00holzgoog_0093.png"; bbox 0 0 4392 5559; ppageno 0'>
   <div class='ocr_carea' id='block_1_1' title="bbox 716 350 1006 444">
    <p class='ocr_par' dir='ltr' id='par_1_1' title="bbox 716 350 1006 444">
     <span class='ocr_line' id='line_1_1' title="bbox 716 350 1006 444; baseline 0 -43"><span class='ocrx_word' id='word_1_1' title='bbox 716 350 1006 444; x_wconf 63' lang='grc'><strong>..89-</strong></span> 
     </span>
    </p>
   </div>
   <div class='ocr_carea' id='block_1_2' title="bbox 264 554 1549 645">
    <p class='ocr_par' dir='ltr' id='par_1_2' title="bbox 264 554 1549 645">
     <span class='ocr_line' id='line_1_2' title="bbox 264 554 1549 645; baseline -0.004 -20"><span class='ocrx_word' id='word_1_2' title='bbox 264 558 426 629; x_wconf 77' lang='lat' dir='ltr'><strong>Socrates</strong></span> <span class='ocrx_word' id='word_1_3' title='bbox 455 555 543 645; x_wconf 89' lang='lat' dir='ltr'>quid</span> <span class='ocrx_word' id='word_1_4' title='bbox 574 554 619 623; x_wconf 89' lang='lat' dir='ltr'>de</span> <span class='ocrx_word' id='word_1_5' title='bbox 641 557 775 625; x_wconf 80' lang='lat' dir='ltr'>liulino</span> <span class='ocrx_word' id='word_1_6' title='bbox 799 557 971 625; x_wconf 86' lang='lat' dir='ltr'>iudicarit</span> <span class='ocrx_word' id='word_1_7' title='bbox 997 570 1035 624; x_wconf 88' lang='lat' dir='ltr'>et</span> <span class='ocrx_word' id='word_1_8' title='bbox 1069 556 1256 645; x_wconf 88' lang='lat' dir='ltr'>quomodo</span> <span class='ocrx_word' id='word_1_9' title='bbox 1285 559 1323 625; x_wconf 91' lang='lat' dir='ltr'>in</span> <span class='ocrx_word' id='word_1_10' title='bbox 1356 562 1420 631; x_wconf 93' lang='lat' dir='ltr'>illo</span> <span class='ocrx_word' id='word_1_11' title='bbox 1443 588 1549 635; x_wconf 79' lang='lat' dir='ltr'>usur.</span> 
     </span>
    </p>
   </div>
   <div class='ocr_carea' id='block_1_3' title="bbox 149 680 1648 3427">
    <p class='ocr_par' dir='ltr' id='par_1_3' title="bbox 149 680 1610 3304">
     <span class='ocr_line' id='line_1_3' title="bbox 157 680 1546 773; baseline 0.009 -25"><span class='ocrx_word' id='word_1_12' title='bbox 157 680 279 773; x_wconf 84' lang='lat' dir='ltr'>pando</span> <span class='ocrx_word' id='word_1_13' title='bbox 314 695 478 749; x_wconf 85' lang='lat' dir='ltr'>versatus</span> <span class='ocrx_word' id='word_1_14' title='bbox 511 682 577 765; x_wconf 91' lang='lat' dir='ltr'>sit,</span> <span class='ocrx_word' id='word_1_15' title='bbox 622 683 805 754; x_wconf 79' lang='lat' dir='ltr'>rationem</span> <span class='ocrx_word' id='word_1_16' title='bbox 842 682 966 751; x_wconf 86' lang='lat' dir='ltr'><strong>reddit</strong></span> <span class='ocrx_word' id='word_1_17' title='bbox 997 683 1036 749; x_wconf 93' lang='lat' dir='ltr'>in</span> <span class='ocrx_word' id='word_1_18' title='bbox 1080 682 1229 752; x_wconf 89' lang='lat' dir='ltr'>exordio</span> <span class='ocrx_word' id='word_1_19' title='bbox 1267 687 1352 754; x_wconf 81' lang='lat' dir='ltr'><strong>libri</strong></span> <span class='ocrx_word' id='word_1_20' title='bbox 1385 692 1546 760; x_wconf 87' lang='lat' dir='ltr'>secundi.</span> 
     </span>
     <span class='ocr_line' id='line_1_4' title="bbox 153 804 1548 910; baseline 0.006 -37"><span class='ocrx_word' id='word_1_21' title='bbox 153 804 342 898; x_wconf 70' lang='grc' dir='ltr'><em>Ῥοννγίνος,</em></span> <span class='ocrx_word' id='word_1_22' title='bbox 378 808 450 891; x_wconf 81' lang='lat' dir='ltr'>ait,</span> <span class='ocrx_word' id='word_1_23' title='bbox 488 806 507 876; x_wconf 87' lang='grc' dir='ltr'><strong><em>ὁ</em></strong></span> <span class='ocrx_word' id='word_1_24' title='bbox 532 808 881 893; x_wconf 54' lang='lat' dir='ltr'>sustentamentis</span> <span class='ocrx_word' id='word_1_25' title='bbox 905 809 1053 900; x_wconf 76' lang='grc' dir='ltr'><strong><em>ἱστορίαν</em></strong></span> <span class='ocrx_word' id='word_1_26' title='bbox 1073 814 1115 905; x_wconf 73' lang='grc' dir='ltr'>τῇ</span> <span class='ocrx_word' id='word_1_27' title='bbox 1131 807 1299 897; x_wconf 82' lang='grc' dir='ltr'><em>Ῥωμαίων</em></span> <span class='ocrx_word' id='word_1_28' title='bbox 1322 812 1450 910; x_wconf 62' lang='grc' dir='ltr'><em>γλώτῃη</em></span> <span class='ocrx_word' id='word_1_29' title='bbox 1472 843 1548 887; x_wconf 79' lang='grc' dir='ltr'><em>σον-</em></span> 
     </span>
     <span class='ocr_line' id='line_1_5' title="bbox 155 930 1548 1027; baseline 0.009 -29"><span class='ocrx_word' id='word_1_30' title='bbox 155 930 272 1012; x_wconf 52' lang='lat' dir='ltr'>ettae,</span> <span class='ocrx_word' id='word_1_31' title='bbox 308 942 383 1024; x_wconf 68' lang='lat' dir='ltr'>trapi</span> <span class='ocrx_word' id='word_1_32' title='bbox 414 933 489 1012; x_wconf 77' lang='grc' dir='ltr'>τούς</span> <span class='ocrx_word' id='word_1_33' title='bbox 516 931 655 1024; x_wconf 82' lang='grc' dir='ltr'><em>χρόνους</em></span> <span class='ocrx_word' id='word_1_34' title='bbox 687 934 872 1019; x_wconf 72' lang='grc' dir='ltr'><em>ἐπλανήθη.</em></span> <span class='ocrx_word' id='word_1_35' title='bbox 928 936 977 1003; x_wconf 82' lang='grc' dir='ltr'>Τὰ</span> <span class='ocrx_word' id='word_1_36' title='bbox 1002 964 1068 1026; x_wconf 74' lang='grc' dir='ltr'>γορ</span> <span class='ocrx_word' id='word_1_37' title='bbox 1096 934 1164 1002; x_wconf 74' lang='lat' dir='ltr'>xia&#39;</span> <span class='ocrx_word' id='word_1_38' title='bbox 1188 934 1397 1005; x_wconf 76' lang='grc' dir='ltr'><em>Ἀθανάσιον</em></span> <span class='ocrx_word' id='word_1_39' title='bbox 1426 946 1548 1027; x_wconf 73' lang='grc' dir='ltr'><em>νομίζει</em></span> 
     </span>
     <span class='ocr_line' id='line_1_6' title="bbox 156 1055 1547 1154; baseline 0.006 -29"><span class='ocrx_word' id='word_1_40' title='bbox 156 1055 239 1143; x_wconf 67' lang='grc' dir='ltr'>μετὰ</span> <span class='ocrx_word' id='word_1_41' title='bbox 265 1057 326 1141; x_wconf 74' lang='grc' dir='ltr'>τὴν</span> <span class='ocrx_word' id='word_1_42' title='bbox 351 1060 502 1141; x_wconf 65' lang='lat' dir='ltr'>talavatio</span> <span class='ocrx_word' id='word_1_43' title='bbox 534 1066 594 1129; x_wconf 82' lang='grc' dir='ltr'>τοῦ</span> <span class='ocrx_word' id='word_1_44' title='bbox 627 1064 788 1147; x_wconf 61' lang='grc' dir='ltr'>βασιλέως</span> <span class='ocrx_word' id='word_1_45' title='bbox 813 1064 1067 1129; x_wconf 83' lang='grc' dir='ltr'><em>Κωνσνοντίνου</em></span> <span class='ocrx_word' id='word_1_46' title='bbox 1102 1065 1313 1147; x_wconf 69' lang='grc' dir='ltr'><em>γεγενῆσθαι.</em></span> <span class='ocrx_word' id='word_1_47' title='bbox 1356 1064 1490 1154; x_wconf 71' lang='grc' dir='ltr'><em>Ἀγνοοῖ</em></span> <span class='ocrx_word' id='word_1_48' title='bbox 1512 1075 1547 1137; x_wconf 78' lang='lat' dir='ltr'><strong>tt</strong></span> 
     </span>
     <span class='ocr_line' id='line_1_7' title="bbox 157 1182 1546 1287; baseline 0.009 -38"><span class='ocrx_word' id='word_1_49' title='bbox 157 1192 213 1251; x_wconf 78' lang='grc' dir='ltr'>καί</span> <span class='ocrx_word' id='word_1_50' title='bbox 239 1182 299 1287; x_wconf 61' lang='lat' dir='ltr'>tito</span> <span class='ocrx_word' id='word_1_51' title='bbox 324 1189 358 1253; x_wconf 75' lang='grc' dir='ltr'><em>ἓν</em></span> <span class='ocrx_word' id='word_1_52' title='bbox 382 1190 417 1251; x_wconf 90' lang='grc' dir='ltr'><em>Γ</em></span> <span class='ocrx_word' id='word_1_53' title='bbox 412 1189 540 1267; x_wconf 58' lang='lat' dir='ltr'>uitiata</span> <span class='ocrx_word' id='word_1_54' title='bbox 569 1193 744 1274; x_wconf 66' lang='grc' dir='ltr'><em>γενομένην</em></span> <span class='ocrx_word' id='word_1_55' title='bbox 770 1184 874 1257; x_wconf 72' lang='grc' dir='ltr'><em>αὐτοῦ</em></span> <span class='ocrx_word' id='word_1_56' title='bbox 907 1188 1053 1278; x_wconf 79' lang='grc' dir='ltr'><em>ίξορίοεν,</em></span> <span class='ocrx_word' id='word_1_57' title='bbox 1095 1194 1151 1253; x_wconf 79' lang='grc' dir='ltr'>καὶ</span> <span class='ocrx_word' id='word_1_58' title='bbox 1182 1193 1275 1275; x_wconf 65' lang='grc' dir='ltr'><em>ἕτερα</em></span> <span class='ocrx_word' id='word_1_59' title='bbox 1309 1189 1445 1261; x_wconf 62' lang='lat' dir='ltr'>niardus</span> <span class='ocrx_word' id='word_1_60' title='bbox 1463 1195 1546 1284; x_wconf 79' lang='lat'>¹3³):</span> 
     </span>
     <span class='ocr_line' id='line_1_8' title="bbox 152 1300 1547 1405; baseline 0.011 -30"><span class='ocrx_word' id='word_1_61' title='bbox 152 1304 274 1395; x_wconf 76' lang='grc' dir='ltr'>Ἡμεῖς</span> <span class='ocrx_word' id='word_1_62' title='bbox 299 1300 357 1377; x_wconf 74' lang='grc' dir='ltr'><em>οὖν</em></span> <span class='ocrx_word' id='word_1_63' title='bbox 376 1308 539 1402; x_wconf 75' lang='grc' dir='ltr'><em>πρότερον</em></span> <span class='ocrx_word' id='word_1_64' title='bbox 562 1311 721 1405; x_wconf 79' lang='grc' dir='ltr'><em>Ῥονφίνῳ</em></span> <span class='ocrx_word' id='word_1_65' title='bbox 745 1309 1050 1395; x_wconf 69' lang='grc' dir='ltr'><em>ἀκολουθήσαντος,</em></span> <span class='ocrx_word' id='word_1_66' title='bbox 1089 1309 1128 1378; x_wconf 84' lang='grc' dir='ltr'>τὸ</span> <span class='ocrx_word' id='word_1_67' title='bbox 1162 1316 1292 1401; x_wconf 74' lang='grc' dir='ltr'><em>πρῶτον</em></span> <span class='ocrx_word' id='word_1_68' title='bbox 1320 1324 1376 1383; x_wconf 80' lang='grc' dir='ltr'>καὶ</span> <span class='ocrx_word' id='word_1_69' title='bbox 1403 1319 1442 1385; x_wconf 84' lang='grc' dir='ltr'>τὸ</span> <span class='ocrx_word' id='word_1_70' title='bbox 1476 1320 1547 1391; x_wconf 70' lang='grc' dir='ltr'>δεύ-</span> 
     </span>
     <span class='ocr_line' id='line_1_9' title="bbox 153 1432 1545 1535; baseline 0.01 -35"><span class='ocrx_word' id='word_1_71' title='bbox 153 1460 250 1525; x_wconf 77' lang='grc' dir='ltr'><em>τερον</em></span> <span class='ocrx_word' id='word_1_72' title='bbox 272 1440 330 1518; x_wconf 82' lang='grc' dir='ltr'>τῆς</span> <span class='ocrx_word' id='word_1_73' title='bbox 352 1441 497 1527; x_wconf 81' lang='grc' dir='ltr'><em>ἱστορίας</em></span> <span class='ocrx_word' id='word_1_74' title='bbox 516 1442 649 1525; x_wconf 77' lang='grc' dir='ltr'><em>βιβλίον</em></span> <span class='ocrx_word' id='word_1_75' title='bbox 676 1432 697 1535; x_wconf 78' lang='grc' dir='ltr'><em>ᾗ</em></span> <span class='ocrx_word' id='word_1_76' title='bbox 726 1442 830 1533; x_wconf 72' lang='grc' dir='ltr'><em>ἐκείνῳ</em></span> <span class='ocrx_word' id='word_1_77' title='bbox 860 1434 962 1506; x_wconf 71' lang='grc' dir='ltr'><strong><em>ἐδόκει</em></strong></span> <span class='ocrx_word' id='word_1_78' title='bbox 991 1432 1250 1528; x_wconf 67' lang='grc' dir='ltr'><em>σονεγριίψιοινν.</em></span> <span class='ocrx_word' id='word_1_79' title='bbox 1302 1440 1428 1511; x_wconf 83' lang='lat' dir='ltr'>Postea</span> <span class='ocrx_word' id='word_1_80' title='bbox 1460 1472 1545 1519; x_wconf 92' lang='lat' dir='ltr'>vero</span> 
     </span>
     <span class='ocr_line' id='line_1_10' title="bbox 153 1559 1543 1659; baseline 0.013 -34"><span class='ocrx_word' id='word_1_81' title='bbox 153 1559 372 1631; x_wconf 85' lang='lat' dir='ltr'>melioribus</span> <span class='ocrx_word' id='word_1_82' title='bbox 397 1566 555 1656; x_wconf 85' lang='lat' dir='ltr'>acceptis</span> <span class='ocrx_word' id='word_1_83' title='bbox 578 1567 742 1635; x_wconf 86' lang='lat' dir='ltr'>fontibus</span> <span class='ocrx_word' id='word_1_84' title='bbox 769 1565 894 1659; x_wconf 81' lang='lat' dir='ltr'>pergit</span> <span class='ocrx_word' id='word_1_85' title='bbox 919 1567 1099 1633; x_wconf 89' lang='lat' dir='ltr'>Socrates:</span> <span class='ocrx_word' id='word_1_86' title='bbox 1129 1562 1188 1629; x_wconf 80' lang='grc' dir='ltr'>Διὸ</span> <span class='ocrx_word' id='word_1_87' title='bbox 1216 1560 1475 1658; x_wconf 71' lang='grc' dir='ltr'>ἠναγκάσθημεν</span> <span class='ocrx_word' id='word_1_88' title='bbox 1505 1564 1543 1656; x_wconf 68' lang='grc' dir='ltr'>τί</span> 
     </span>
     <span class='ocr_line' id='line_1_11' title="bbox 153 1685 1545 1784; baseline 0.004 -29"><span class='ocrx_word' id='word_1_89' title='bbox 153 1690 285 1777; x_wconf 75' lang='grc' dir='ltr'><em>πρῶτον</em></span> <span class='ocrx_word' id='word_1_90' title='bbox 308 1696 362 1757; x_wconf 72' lang='grc' dir='ltr'>καὶ</span> <span class='ocrx_word' id='word_1_91' title='bbox 391 1689 429 1757; x_wconf 83' lang='grc' dir='ltr'>τὸ</span> <span class='ocrx_word' id='word_1_92' title='bbox 470 1688 619 1781; x_wconf 69' lang='grc' dir='ltr'><em>δεύτερον</em></span> <span class='ocrx_word' id='word_1_93' title='bbox 639 1694 772 1779; x_wconf 76' lang='grc' dir='ltr'><em>βιβλίον</em></span> <span class='ocrx_word' id='word_1_94' title='bbox 801 1688 934 1758; x_wconf 67' lang='lat' dir='ltr'>daea-sa</span> <span class='ocrx_word' id='word_1_95' title='bbox 964 1685 1206 1779; x_wconf 71' lang='grc' dir='ltr'><em>ὑπαγορεύων,</em></span> <span class='ocrx_word' id='word_1_96' title='bbox 1239 1692 1458 1784; x_wconf 66' lang='grc' dir='ltr'><em>σνγγρώμῃνοι</em></span> <span class='ocrx_word' id='word_1_97' title='bbox 1488 1709 1545 1770; x_wconf 72' lang='grc' dir='ltr'>καὶ</span> 
     </span>
     <span class='ocr_line' id='line_1_12' title="bbox 154 1804 1547 1913; baseline 0.001 -30"><span class='ocrx_word' id='word_1_98' title='bbox 154 1818 189 1913; x_wconf 58' lang='grc' dir='ltr'><em>ἐν</em></span> <span class='ocrx_word' id='word_1_99' title='bbox 213 1812 262 1895; x_wconf 83' lang='grc' dir='ltr'>οἷς</span> <span class='ocrx_word' id='word_1_100' title='bbox 293 1814 501 1909; x_wconf 81' lang='grc' dir='ltr'><em>ὁῬοοφίνος</em></span> <span class='ocrx_word' id='word_1_101' title='bbox 527 1814 587 1885; x_wconf 78' lang='grc' dir='ltr'><em>οὖν</em></span> <span class='ocrx_word' id='word_1_102' title='bbox 612 1822 753 1885; x_wconf 73' lang='grc' dir='ltr'>ἐκπίπτει</span> <span class='ocrx_word' id='word_1_103' title='bbox 784 1820 844 1885; x_wconf 79' lang='grc' dir='ltr'>τοῦ</span> <span class='ocrx_word' id='word_1_104' title='bbox 880 1814 1041 1895; x_wconf 73' lang='grc' dir='ltr'>ἀληθοῦς.</span> <span class='ocrx_word' id='word_1_105' title='bbox 1096 1814 1202 1901; x_wconf 87' lang='lat' dir='ltr'>Quod</span> <span class='ocrx_word' id='word_1_106' title='bbox 1224 1804 1275 1881; x_wconf 41' lang='lat' dir='ltr'>‘ad</span> <span class='ocrx_word' id='word_1_107' title='bbox 1299 1840 1423 1888; x_wconf 88' lang='lat' dir='ltr'>rerum</span> <span class='ocrx_word' id='word_1_108' title='bbox 1446 1826 1547 1895; x_wconf 76' lang='lat' dir='ltr'>ordi..</span> 
     </span>
     <span class='ocr_line' id='line_1_13' title="bbox 155 1940 1543 2033; baseline 0.008 -24"><span class='ocrx_word' id='word_1_109' title='bbox 155 1964 241 2011; x_wconf 87' lang='lat' dir='ltr'>nem</span> <span class='ocrx_word' id='word_1_110' title='bbox 278 1943 431 2026; x_wconf 77' lang='lat' dir='ltr'><strong>attinet,</strong></span> <span class='ocrx_word' id='word_1_111' title='bbox 466 1964 588 2033; x_wconf 88' lang='lat' dir='ltr'>neque</span> <span class='ocrx_word' id='word_1_112' title='bbox 621 1944 787 2013; x_wconf 80' lang='lat' dir='ltr'><strong>Socrates</strong></span> <span class='ocrx_word' id='word_1_113' title='bbox 811 1963 934 2031; x_wconf 86' lang='lat' dir='ltr'>neque</span> <span class='ocrx_word' id='word_1_114' title='bbox 967 1942 1079 2007; x_wconf 89' lang='lat' dir='ltr'>etiam</span> <span class='ocrx_word' id='word_1_115' title='bbox 1101 1940 1329 2009; x_wconf 83' lang='lat' dir='ltr'>Sozomenus</span> <span class='ocrx_word' id='word_1_116' title='bbox 1360 1950 1543 2023; x_wconf 82' lang='lat' dir='ltr'>allulino</span> 
     </span>
     <span class='ocr_line' id='line_1_14' title="bbox 151 2064 1544 2161; baseline 0.007 -24"><span class='ocrx_word' id='word_1_117' title='bbox 151 2068 221 2137; x_wconf 83' lang='lat' dir='ltr'>sibi</span> <span class='ocrx_word' id='word_1_118' title='bbox 244 2068 387 2161; x_wconf 85' lang='lat' dir='ltr'>imponi</span> <span class='ocrx_word' id='word_1_119' title='bbox 410 2068 504 2157; x_wconf 89' lang='lat' dir='ltr'>passi</span> <span class='ocrx_word' id='word_1_120' title='bbox 526 2082 623 2137; x_wconf 89' lang='lat' dir='ltr'>sunt.</span> <span class='ocrx_word' id='word_1_121' title='bbox 675 2066 779 2135; x_wconf 88' lang='lat' dir='ltr'>Solus</span> <span class='ocrx_word' id='word_1_122' title='bbox 801 2064 1078 2149; x_wconf 89' lang='lat' dir='ltr'>Theodoretus,</span> <span class='ocrx_word' id='word_1_123' title='bbox 1110 2068 1293 2135; x_wconf 80' lang='lat' dir='ltr'>Rufinum</span> <span class='ocrx_word' id='word_1_124' title='bbox 1314 2084 1461 2141; x_wconf 77' lang='lat' dir='ltr'>temere</span> <span class='ocrx_word' id='word_1_125' title='bbox 1486 2090 1544 2147; x_wconf 64' lang='lat' dir='ltr'>sei</span> 
     </span>
     <span class='ocr_line' id='line_1_15' title="bbox 154 2191 1540 2287; baseline 0 -20"><span class='ocrx_word' id='word_1_126' title='bbox 154 2212 279 2281; x_wconf 84' lang='lat' dir='ltr'>cutus,</span> <span class='ocrx_word' id='word_1_127' title='bbox 314 2209 476 2263; x_wconf 88' lang='lat' dir='ltr'>mortem</span> <span class='ocrx_word' id='word_1_128' title='bbox 512 2195 590 2263; x_wconf 79' lang='lat' dir='ltr'>Arii</span> <span class='ocrx_word' id='word_1_129' title='bbox 624 2192 727 2261; x_wconf 86' lang='lat' dir='ltr'>brevi</span> <span class='ocrx_word' id='word_1_130' title='bbox 759 2207 841 2284; x_wconf 86' lang='lat' dir='ltr'>post</span> <span class='ocrx_word' id='word_1_131' title='bbox 878 2192 1061 2283; x_wconf 87' lang='lat' dir='ltr'><strong>synodum</strong></span> <span class='ocrx_word' id='word_1_132' title='bbox 1097 2191 1299 2264; x_wconf 88' lang='lat' dir='ltr'>Nicaenam</span> <span class='ocrx_word' id='word_1_133' title='bbox 1337 2200 1540 2287; x_wconf 80' lang='lat' dir='ltr'>ponit¹³⁴)‚</span> 
     </span>
     <span class='ocr_line' id='line_1_16' title="bbox 152 2318 1542 2417; baseline 0 -26"><span class='ocrx_word' id='word_1_134' title='bbox 152 2346 235 2392; x_wconf 90' lang='lat' dir='ltr'>cum</span> <span class='ocrx_word' id='word_1_135' title='bbox 259 2337 385 2391; x_wconf 86' lang='lat' dir='ltr'>tamen</span> <span class='ocrx_word' id='word_1_136' title='bbox 413 2335 494 2410; x_wconf 89' lang='lat' dir='ltr'>post</span> <span class='ocrx_word' id='word_1_137' title='bbox 515 2322 668 2411; x_wconf 84' lang='lat' dir='ltr'>Tyriam</span> <span class='ocrx_word' id='word_1_138' title='bbox 698 2318 850 2387; x_wconf 88' lang='lat' dir='ltr'>demum</span> <span class='ocrx_word' id='word_1_139' title='bbox 883 2318 1066 2408; x_wconf 86' lang='lat' dir='ltr'>synodum</span> <span class='ocrx_word' id='word_1_140' title='bbox 1103 2319 1286 2387; x_wconf 86' lang='lat' dir='ltr'>acciderit.</span> <span class='ocrx_word' id='word_1_141' title='bbox 1341 2320 1411 2391; x_wconf 87' lang='lat' dir='ltr'>Sed</span> <span class='ocrx_word' id='word_1_142' title='bbox 1446 2352 1542 2417; x_wconf 73' lang='lat' dir='ltr'>quaa</span> 
     </span>
     <span class='ocr_line' id='line_1_17' title="bbox 153 2444 1542 2538; baseline 0.007 -21"><span class='ocrx_word' id='word_1_143' title='bbox 153 2449 338 2518; x_wconf 87' lang='lat' dir='ltr'>mirabilia</span> <span class='ocrx_word' id='word_1_144' title='bbox 364 2463 473 2538; x_wconf 89' lang='lat' dir='ltr'>atque</span> <span class='ocrx_word' id='word_1_145' title='bbox 501 2470 590 2515; x_wconf 91' lang='lat' dir='ltr'>vana</span> <span class='ocrx_word' id='word_1_146' title='bbox 617 2446 870 2515; x_wconf 82' lang='lat' dir='ltr'>hallucinatus</span> <span class='ocrx_word' id='word_1_147' title='bbox 894 2458 948 2512; x_wconf 85' lang='lat' dir='ltr'>est</span> <span class='ocrx_word' id='word_1_148' title='bbox 973 2444 1149 2528; x_wconf 81' lang='lat' dir='ltr'>Rufinus,</span> <span class='ocrx_word' id='word_1_149' title='bbox 1177 2445 1305 2514; x_wconf 90' lang='lat' dir='ltr'>eadem</span> <span class='ocrx_word' id='word_1_150' title='bbox 1330 2471 1413 2519; x_wconf 87' lang='lat' dir='ltr'>curn</span> <span class='ocrx_word' id='word_1_151' title='bbox 1438 2476 1481 2523; x_wconf 88' lang='lat' dir='ltr'>eo</span> <span class='ocrx_word' id='word_1_152' title='bbox 1504 2472 1542 2527; x_wconf 88' lang='lat' dir='ltr'>et</span> 
     </span>
     <span class='ocr_line' id='line_1_18' title="bbox 154 2558 1542 2659; baseline 0.001 -12"><span class='ocrx_word' id='word_1_153' title='bbox 154 2580 335 2659; x_wconf 86' lang='lat' dir='ltr'>Socrates,</span> <span class='ocrx_word' id='word_1_154' title='bbox 358 2558 407 2643; x_wconf 44' lang='lat' dir='ltr'>&#39;et</span> <span class='ocrx_word' id='word_1_155' title='bbox 430 2579 672 2657; x_wconf 83' lang='lat' dir='ltr'>sozomenus,</span> <span class='ocrx_word' id='word_1_156' title='bbox 699 2587 737 2640; x_wconf 93' lang='lat' dir='ltr'>et</span> <span class='ocrx_word' id='word_1_157' title='bbox 760 2570 1019 2639; x_wconf 88' lang='lat' dir='ltr'>Theodoretus</span> <span class='ocrx_word' id='word_1_158' title='bbox 1042 2568 1263 2641; x_wconf 89' lang='lat' dir='ltr'>hallucinati</span> <span class='ocrx_word' id='word_1_159' title='bbox 1284 2589 1380 2641; x_wconf 88' lang='lat' dir='ltr'>sunt.</span> <span class='ocrx_word' id='word_1_160' title='bbox 1432 2578 1542 2649; x_wconf 91' lang='lat' dir='ltr'>Prae·</span> 
     </span>
     <span class='ocr_line' id='line_1_19' title="bbox 153 2695 1541 2795; baseline -0.003 -21"><span class='ocrx_word' id='word_1_161' title='bbox 153 2706 367 2773; x_wconf 84' lang='lat' dir='ltr'>termittunt</span> <span class='ocrx_word' id='word_1_162' title='bbox 395 2698 571 2795; x_wconf 85' lang='lat' dir='ltr'>quidem,</span> <span class='ocrx_word' id='word_1_163' title='bbox 596 2723 689 2791; x_wconf 91' lang='lat' dir='ltr'>quae</span> <span class='ocrx_word' id='word_1_164' title='bbox 714 2698 872 2767; x_wconf 85' lang='lat' dir='ltr'>Ruiinus</span> <span class='ocrx_word' id='word_1_165' title='bbox 899 2696 1052 2788; x_wconf 83' lang='lat' dir='ltr'><strong>exponit</strong></span> <span class='ocrx_word' id='word_1_166' title='bbox 1084 2695 1131 2763; x_wconf 85' lang='lat' dir='ltr'>da</span> <span class='ocrx_word' id='word_1_167' title='bbox 1156 2696 1226 2765; x_wconf 89' lang='lat' dir='ltr'>diis</span> <span class='ocrx_word' id='word_1_168' title='bbox 1249 2701 1438 2795; x_wconf 82' lang='lat' dir='ltr'>Aegyptiis</span> <span class='ocrx_word' id='word_1_169' title='bbox 1459 2707 1541 2795; x_wconf 80' lang='lat'>1³⁵),</span> 
     </span>
     <span class='ocr_line' id='line_1_20' title="bbox 152 2824 1539 2922; baseline 0.006 -25"><span class='ocrx_word' id='word_1_170' title='bbox 152 2831 290 2921; x_wconf 84' lang='lat' dir='ltr'>quippe</span> <span class='ocrx_word' id='word_1_171' title='bbox 317 2829 381 2919; x_wconf 88' lang='lat' dir='ltr'>qui</span> <span class='ocrx_word' id='word_1_172' title='bbox 400 2834 613 2922; x_wconf 79' lang='lat' dir='ltr'>Aegyptum</span> <span class='ocrx_word' id='word_1_173' title='bbox 649 2824 916 2919; x_wconf 80' lang='lat' dir='ltr'>peragraverit,</span> <span class='ocrx_word' id='word_1_174' title='bbox 954 2836 1084 2914; x_wconf 85' lang='lat' dir='ltr'><strong>utpote</strong></span> <span class='ocrx_word' id='word_1_175' title='bbox 1110 2824 1156 2892; x_wconf 91' lang='lat' dir='ltr'>ab</span> <span class='ocrx_word' id='word_1_176' title='bbox 1189 2825 1341 2895; x_wconf 87' lang='lat' dir='ltr'>historia</span> <span class='ocrx_word' id='word_1_177' title='bbox 1373 2832 1539 2905; x_wconf 86' lang='lat' dir='ltr'>ecclesia·</span> 
     </span>
     <span class='ocr_line' id='line_1_21' title="bbox 154 2950 1540 3056; baseline 0.004 -31"><span class='ocrx_word' id='word_1_178' title='bbox 154 2960 243 3029; x_wconf 87' lang='lat' dir='ltr'>stica</span> <span class='ocrx_word' id='word_1_179' title='bbox 273 2950 412 3041; x_wconf 86' lang='lat' dir='ltr'>aliena,</span> <span class='ocrx_word' id='word_1_180' title='bbox 444 2955 506 3023; x_wconf 90' lang='lat' dir='ltr'>sed</span> <span class='ocrx_word' id='word_1_181' title='bbox 539 2952 847 3047; x_wconf 85' lang='lat' dir='ltr'>praetermittunt</span> <span class='ocrx_word' id='word_1_182' title='bbox 886 2970 1034 3039; x_wconf 86' lang='lat' dir='ltr'>quoque</span> <span class='ocrx_word' id='word_1_183' title='bbox 1070 2970 1160 3038; x_wconf 90' lang='lat' dir='ltr'>quos</span> <span class='ocrx_word' id='word_1_184' title='bbox 1183 2950 1340 3019; x_wconf 83' lang='lat' dir='ltr'>Rufinus</span> <span class='ocrx_word' id='word_1_185' title='bbox 1368 2955 1540 3056; x_wconf 80' lang='lat' dir='ltr'>deinceps</span> 
     </span>
     <span class='ocr_line' id='line_1_22' title="bbox 149 3074 1537 3168; baseline -0.006 -17"><span class='ocrx_word' id='word_1_186' title='bbox 149 3083 378 3153; x_wconf 83' lang='lat' dir='ltr'>enumeravit</span> <span class='ocrx_word' id='word_1_187' title='bbox 404 3104 559 3149; x_wconf 89' lang='lat' dir='ltr'>canones</span> <span class='ocrx_word' id='word_1_188' title='bbox 585 3077 715 3168; x_wconf 86' lang='lat' dir='ltr'>synodi</span> <span class='ocrx_word' id='word_1_189' title='bbox 740 3078 923 3145; x_wconf 87' lang='lat' dir='ltr'>Nicaenae</span> <span class='ocrx_word' id='word_1_190' title='bbox 942 3074 1024 3162; x_wconf 77' lang='grc'>136),</span> <span class='ocrx_word' id='word_1_191' title='bbox 1059 3096 1152 3163; x_wconf 87' lang='lat' dir='ltr'>qnos</span> <span class='ocrx_word' id='word_1_192' title='bbox 1176 3076 1273 3141; x_wconf 88' lang='lat' dir='ltr'>male</span> <span class='ocrx_word' id='word_1_193' title='bbox 1296 3080 1445 3149; x_wconf 86' lang='lat' dir='ltr'>omissos</span> <span class='ocrx_word' id='word_1_194' title='bbox 1472 3108 1537 3155; x_wconf 71' lang='lat' dir='ltr'>ne.</span> 
     </span>
     <span class='ocr_line' id='line_1_23' title="bbox 150 3198 1610 3304; baseline 0.003 -26"><span class='ocrx_word' id='word_1_195' title='bbox 150 3233 214 3279; x_wconf 91' lang='lat' dir='ltr'>rno</span> <span class='ocrx_word' id='word_1_196' title='bbox 249 3210 408 3304; x_wconf 82' lang='lat' dir='ltr'>negabit.</span> <span class='ocrx_word' id='word_1_197' title='bbox 469 3210 658 3277; x_wconf 88' lang='lat' dir='ltr'>Postremo</span> <span class='ocrx_word' id='word_1_198' title='bbox 692 3198 1001 3287; x_wconf 78' lang='lat' dir='ltr'>Dodwettus¹³⁷)</span> <span class='ocrx_word' id='word_1_199' title='bbox 1024 3199 1218 3267; x_wconf 89' lang='lat' dir='ltr'>contendit</span> <span class='ocrx_word' id='word_1_200' title='bbox 1242 3204 1426 3274; x_wconf 83' lang='lat' dir='ltr'>Socratem</span> <span class='ocrx_word' id='word_1_201' title='bbox 1462 3234 1537 3283; x_wconf 88' lang='lat' dir='ltr'>non</span> <span class='ocrx_word' id='word_1_202' title='bbox 1602 3216 1610 3229; x_wconf 91' lang='lat'><em>&#39;</em></span> 
     </span>
    </p>

    <p class='ocr_par' dir='ltr' id='par_1_4' title="bbox 150 3324 1648 3427">
     <span class='ocr_line' id='line_1_24' title="bbox 150 3324 1648 3427; baseline 0 -19"><span class='ocrx_word' id='word_1_203' title='bbox 150 3361 173 3408; x_wconf 84' lang='lat' dir='ltr'>e</span> <span class='ocrx_word' id='word_1_204' title='bbox 195 3337 321 3407; x_wconf 84' lang='lat' dir='ltr'>Rufini</span> <span class='ocrx_word' id='word_1_205' title='bbox 343 3348 446 3406; x_wconf 82' lang='lat' dir='ltr'>testu</span> <span class='ocrx_word' id='word_1_206' title='bbox 473 3332 650 3427; x_wconf 78' lang='lat' dir='ltr'>originali</span> <span class='ocrx_word' id='word_1_207' title='bbox 676 3328 859 3412; x_wconf 86' lang='lat' dir='ltr'>hausisse,</span> <span class='ocrx_word' id='word_1_208' title='bbox 893 3324 956 3396; x_wconf 86' lang='lat' dir='ltr'>sed</span> <span class='ocrx_word' id='word_1_209' title='bbox 980 3348 1001 3395; x_wconf 86' lang='lat' dir='ltr'>e</span> <span class='ocrx_word' id='word_1_210' title='bbox 1026 3348 1156 3420; x_wconf 85' lang='lat' dir='ltr'>graeca</span> <span class='ocrx_word' id='word_1_211' title='bbox 1187 3342 1334 3399; x_wconf 84' lang='lat' dir='ltr'>tantum</span> <span class='ocrx_word' id='word_1_212' title='bbox 1360 3337 1536 3409; x_wconf 87' lang='lat' dir='ltr'>versione.</span> <span class='ocrx_word' id='word_1_213' title='bbox 1644 3374 1648 3379; x_wconf 52' lang='grc'><strong><em>’</em></strong></span> 
     </span>
    </p>
   </div>
   <div class='ocr_carea' id='block_1_4' title="bbox 602 3552 669 3571">
    <p class='ocr_par' dir='ltr' id='par_1_5' title="bbox 602 3552 669 3571">
     <span class='ocr_line' id='line_1_25' title="bbox 602 3552 669 3571; baseline 0 -2"><span class='ocrx_word' id='word_1_214' title='bbox 602 3552 669 3571; x_wconf 46' lang='lat' dir='ltr'>q</span> 
     </span>
    </p>
   </div>
   <div class='ocr_carea' id='block_1_5' title="bbox 149 3675 1538 4319">
    <p class='ocr_par' dir='ltr' id='par_1_6' title="bbox 149 3675 1538 4319">
     <span class='ocr_line' id='line_1_26' title="bbox 149 3675 1538 3766; baseline 0 -23"><span class='ocrx_word' id='word_1_215' title='bbox 149 3696 155 3707; x_wconf 86' lang='grc'><strong>’</strong></span> <span class='ocrx_word' id='word_1_216' title='bbox 195 3684 252 3766; x_wconf 77' lang='lat'>¹³³)</span> <span class='ocrx_word' id='word_1_217' title='bbox 274 3684 326 3744; x_wconf 89' lang='lat' dir='ltr'>Da</span> <span class='ocrx_word' id='word_1_218' title='bbox 347 3681 459 3741; x_wconf 84' lang='lat' dir='ltr'>lluiini</span> <span class='ocrx_word' id='word_1_219' title='bbox 481 3679 565 3740; x_wconf 86' lang='lat' dir='ltr'>vitiis</span> <span class='ocrx_word' id='word_1_220' title='bbox 587 3678 746 3744; x_wconf 80' lang='lat' dir='ltr'>historicis</span> <span class='ocrx_word' id='word_1_221' title='bbox 768 3682 839 3745; x_wconf 84' lang='lat' dir='ltr'>vide</span> <span class='ocrx_word' id='word_1_222' title='bbox 868 3678 922 3741; x_wconf 84' lang='lat' dir='ltr'>Du</span> <span class='ocrx_word' id='word_1_223' title='bbox 942 3679 1005 3740; x_wconf 86' lang='lat' dir='ltr'>Pin</span> <span class='ocrx_word' id='word_1_224' title='bbox 1025 3675 1113 3741; x_wconf 85' lang='lat' dir='ltr'>Bibl.</span> <span class='ocrx_word' id='word_1_225' title='bbox 1142 3681 1197 3742; x_wconf 80' lang='lat' dir='ltr'>des</span> <span class='ocrx_word' id='word_1_226' title='bbox 1218 3682 1292 3742; x_wconf 80' lang='lat' dir='ltr'>Aut.</span> <span class='ocrx_word' id='word_1_227' title='bbox 1315 3683 1427 3745; x_wconf 83' lang='lat' dir='ltr'>eccles.</span> <span class='ocrx_word' id='word_1_228' title='bbox 1458 3700 1538 3753; x_wconf 79' lang='lat' dir='ltr'><strong>ton.</strong></span> 
     </span>
     <span class='ocr_line' id='line_1_27' title="bbox 269 3788 648 3871; baseline -0.013 -17"><span class='ocrx_word' id='word_1_229' title='bbox 269 3794 323 3855; x_wconf 90' lang='lat' dir='ltr'>lll.</span> <span class='ocrx_word' id='word_1_230' title='bbox 348 3810 420 3871; x_wconf 83' lang='lat' dir='ltr'>pag·</span> <span class='ocrx_word' id='word_1_231' title='bbox 445 3794 513 3857; x_wconf 77' lang='grc'>144.</span> <span class='ocrx_word' id='word_1_232' title='bbox 537 3802 602 3852; x_wconf 89' lang='lat' dir='ltr'>not.</span> <span class='ocrx_word' id='word_1_233' title='bbox 627 3788 648 3850; x_wconf 96' lang='lat' dir='ltr'>l.</span> 
     </span>
     <span class='ocr_line' id='line_1_28' title="bbox 195 3896 1409 3982; baseline -0.008 -19"><span class='ocrx_word' id='word_1_234' title='bbox 195 3897 251 3982; x_wconf 62' lang='grc' dir='ltr'>Ν)</span> <span class='ocrx_word' id='word_1_235' title='bbox 274 3902 474 3963; x_wconf 83' lang='lat' dir='ltr'>Theodoret.</span> <span class='ocrx_word' id='word_1_236' title='bbox 495 3902 570 3963; x_wconf 85' lang='lat' dir='ltr'>libr.</span> <span class='ocrx_word' id='word_1_237' title='bbox 594 3902 618 3961; x_wconf 92' lang='lat' dir='ltr'>l.</span> <span class='ocrx_word' id='word_1_238' title='bbox 642 3918 708 3979; x_wconf 81' lang='lat' dir='ltr'>cap.</span> <span class='ocrx_word' id='word_1_239' title='bbox 736 3904 787 3967; x_wconf 74' lang='lat'>14.</span> <span class='ocrx_word' id='word_1_240' title='bbox 833 3897 883 3959; x_wconf 87' lang='lat' dir='ltr'>ct.</span> <span class='ocrx_word' id='word_1_241' title='bbox 907 3896 1015 3960; x_wconf 85' lang='lat' dir='ltr'>llnlin.</span> <span class='ocrx_word' id='word_1_242' title='bbox 1037 3898 1113 3959; x_wconf 85' lang='lat' dir='ltr'>libr.</span> <span class='ocrx_word' id='word_1_243' title='bbox 1134 3896 1178 3960; x_wconf 90' lang='lat'>11.</span> <span class='ocrx_word' id='word_1_244' title='bbox 1199 3914 1269 3977; x_wconf 75' lang='lat' dir='ltr'>cap.</span> <span class='ocrx_word' id='word_1_245' title='bbox 1286 3900 1335 3963; x_wconf 75' lang='lat'>12.</span> <span class='ocrx_word' id='word_1_246' title='bbox 1360 3902 1409 3968; x_wconf 73' lang='lat'>13.</span> 
     </span>
     <span class='ocr_line' id='line_1_29' title="bbox 190 4012 839 4092; baseline 0.003 -19"><span class='ocrx_word' id='word_1_247' title='bbox 190 4012 245 4092; x_wconf 73' lang='lat'>¹³⁵)</span> <span class='ocrx_word' id='word_1_248' title='bbox 267 4013 372 4074; x_wconf 85' lang='lat' dir='ltr'>lluiin.</span> <span class='ocrx_word' id='word_1_249' title='bbox 394 4012 467 4073; x_wconf 89' lang='lat' dir='ltr'>libr.</span> <span class='ocrx_word' id='word_1_250' title='bbox 487 4012 526 4073; x_wconf 91' lang='lat' dir='ltr'>ll.</span> <span class='ocrx_word' id='word_1_251' title='bbox 552 4030 617 4091; x_wconf 77' lang='lat' dir='ltr'>cap.</span> <span class='ocrx_word' id='word_1_252' title='bbox 638 4012 691 4077; x_wconf 73' lang='lat'>24.</span> <span class='ocrx_word' id='word_1_253' title='bbox 712 4014 763 4077; x_wconf 70' lang='lat'>23.</span> <span class='ocrx_word' id='word_1_254' title='bbox 785 4012 839 4076; x_wconf 81' lang='lat'>26.</span> 
     </span>
     <span class='ocr_line' id='line_1_30' title="bbox 190 4123 537 4203; baseline -0.012 -18"><span class='ocrx_word' id='word_1_255' title='bbox 190 4126 248 4203; x_wconf 80' lang='lat'>¹⁸⁸)</span> <span class='ocrx_word' id='word_1_256' title='bbox 271 4124 342 4186; x_wconf 88' lang='lat' dir='ltr'>Lib.</span> <span class='ocrx_word' id='word_1_257' title='bbox 364 4123 389 4183; x_wconf 90' lang='grc' dir='ltr'>Ι.</span> <span class='ocrx_word' id='word_1_258' title='bbox 419 4141 486 4203; x_wconf 81' lang='lat' dir='ltr'>cap.</span> <span class='ocrx_word' id='word_1_259' title='bbox 507 4126 537 4188; x_wconf 89' lang='grc'>6.</span> 
     </span>
     <span class='ocr_line' id='line_1_31' title="bbox 190 4225 991 4319; baseline -0.002 -24"><span class='ocrx_word' id='word_1_260' title='bbox 190 4234 250 4319; x_wconf 78' lang='lat'>⁸³²)</span> <span class='ocrx_word' id='word_1_261' title='bbox 272 4234 322 4297; x_wconf 83' lang='lat' dir='ltr'>Da</span> <span class='ocrx_word' id='word_1_262' title='bbox 343 4234 414 4295; x_wconf 86' lang='lat' dir='ltr'>iura</span> <span class='ocrx_word' id='word_1_263' title='bbox 439 4232 595 4295; x_wconf 83' lang='lat' dir='ltr'>laicorum</span> <span class='ocrx_word' id='word_1_264' title='bbox 615 4225 804 4290; x_wconf 82' lang='lat' dir='ltr'>sacerdotali</span> <span class='ocrx_word' id='word_1_265' title='bbox 825 4243 895 4307; x_wconf 74' lang='lat' dir='ltr'>pag.</span> <span class='ocrx_word' id='word_1_266' title='bbox 916 4229 991 4293; x_wconf 77' lang='lat'>278.</span> 
     </span>
    </p>
   </div>
   <div class='ocr_carea' id='block_1_6' title="bbox 0 0 2200 5559">
    <p class='ocr_par' dir='ltr' id='par_1_7' title="bbox 0 0 2200 5559">
     <span class='ocr_line' id='line_1_32' title="bbox 0 0 2200 5559; baseline 0 3"><span class='ocrx_word' id='word_1_267' title='bbox 0 0 2200 5559; x_wconf 95' lang='lat' dir='ltr'> </span> 
     </span>
    </p>
   </div>
  </div>
 </body>
</html>
