4392 5559
1152 376 1513 468 .-26-

779 593 857 660 Iam
890 585 936 656 ad
967 581 1171 654 secundum
1201 601 1488 680 argumentum,
1522 611 1608 682 quo·
1625 585 1787 658 Valesius
1819 585 2066 656 sozomenum

680 717 772 788 iurti
799 714 1013 785 convincere
1031 725 1182 779 conatus
1202 725 1269 793 est,
1295 713 1517 785 accedamus.
1567 713 1777 806 „Equidem
1809 709 1861 779 sic
1885 708 2069 789 existimo,

681 841 897 914 inferiorem
934 839 1159 934 pierumque
1192 838 1307 906 iurari
1334 861 1354 905 a
1386 841 1672 932 praestantiore,
1697 852 1739 906 et
1757 835 1941 906 iuniorem
1966 853 1987 900 a
2014 849 2068 898 se·

681 975 795 1043 niore.
846 967 955 1058 Atqui
979 969 1203 1036 sozomenus
1233 966 1482 1037 meoiudicio
1513 966 1626 1059 lange
1655 959 1810 1033 inierior
1832 975 1887 1030 est
1908 957 2069 1040 Socrate,

680 1101 803 1168 iunior
829 1097 921 1164 itern
948 1091 994 1160 ad
1021 1089 1212 1160 historiam
1234 1092 1463 1164 scribendam
1494 1117 1534 1164 se
1560 1093 1729 1163 contulit.
1791 1087 1943 1180 Scripsit
1967 1085 2067 1156 euim
2182 1126 2184 1148 ι

683 1245 769 1293 cum
795 1219 918 1290 adbuc
953 1229 1049 1286 esset
1073 1214 1278 1284 advocatus.
1329 1219 1509 1292 Professio
1531 1239 1657 1290 autem
1680 1219 1939 1289 advocatorum
1965 1211 2065 1303 apud

679 1351 868 1418 Romanus
893 1363 970 1412 non
996 1355 1176 1435 perpetua
1204 1356 1306 1427 erat,
1331 1345 1395 1412 sed
1429 1346 1686 1440 temporaria“
1734 1348 1982 1415 sozomenum
2008 1335 2065 1404 in·

678 1471 853 1542 seriorem
903 1489 980 1538 esse
1030 1466 1253 1538 historicum
1297 1469 1465 1554 Socrate,
1505 1472 1632 1542 'nostra
1688 1491 1839 1562 quoque
1883 1463 2065 1537 sententia

679 1613 742 1668 est.
793 1601 891 1670 Eum
930 1617 1017 1666 vero
1048 1593 1153 1682 ideo,
1196 1595 1296 1687 quod
1323 1595 1478 1668 inferior
1521 1611 1577 1667 est
1607 1597 1773 1682 Socrate,
1809 1595 1955 1663 huncce
1976 1611 2060 1683 spo·
2184 1600 2185 1607 ’

679 1726 804 1809 liasse,
840 1743 973 1814 parum
1006 1733 1297 1791 consentaneum
1333 1723 1495 1794 ridetur.
1556 1725 1696 1818 Quidni
1727 1723 1868 1817 potius,
1902 1721 1934 1789 si
1952 1717 2088 1786 lubet·

681 1849 951 1932 coniecturare,
973 1867 1018 1918 eo
1043 1845 1142 1939 ipso,
1169 1847 1269 1938 quod
1280 1852 1516 1921 -1Sozomenns
1538 1849 1670 1922 multis
1694 1850 1839 1922 mendis
1867 1848 2064 1927 laboraret,

681 1975 844 2046 Socrates
871 1971 917 2041 ad
949 1972 1178 2067 perfectioris
1220 1973 1399 2046 historiae
1424 1976 1706 2049 conscribendae
1749 1975 1945 2046 consilium
1980 1991 2068 2064 per-³

682 2100 766 2170 duci
793 2095 1012 2192 potuit⁴⁷)?
1072 2099 1172 2171 Tum
1198 2101 1445 2173 Sozomenum
1484 2105 1709 2175 causidicum
1737 2129 1842 2174 suam
1872 2099 2065 2172 historiam

679 2227 914 2298 concinnasse
933 2223 1004 2314 ⁴⁸),
1038 2225 1112 2296 hoc
1132 2225 1245 2295 etiam
1279 2229 1523 2300 concedimus.
1543 2279 1558 2298 .
1591 2231 1663 2303 Sed
1696 2237 1882 2303 Socratem
1920 2226 2060 2298 abiecta

682 2355 834 2424 demum
868 2351 1087 2424 causidicina
1120 2350 1168 2421 ad
1203 2353 1398 2424 historiam
1440 2357 1716 2428 ecclesiasticam
1744 2357 1913 2427 animum
1944 2351 2064 2445 appli·
2188 2353 2190 2401 ῗ

682 2483 818 2566 cuisse,
840 2503 860 2548 a
884 2481 1028 2549 Valerio
1052 2479 1282 2572 probandum
1311 2480 1546 2553 desideratur.
1598 2481 1674 2555 'Sed
1698 2483 1787 2575 quid
1814 2464 1968 2551 omnino
1993 2479 2064 2550 sibi

680 2609 759 2678 vult
780 2609 852 2676 hoc
876 2584 1162 2700 argumentum?
1212 2608 1305 2676 Nain
1332 2609 1494 2700 proiecto
1518 2633 1593 2681 uon
1618 2611 1752 2679 desunt
1774 2604 1956 2699 exempla
1983 2607 2065 2695 qui·

679 2735 748 2804 bus
770 2735 930 2804 seniores
965 2753 1114 2824 quoque
1145 2747 1167 2802 a
1198 2731 1423 2822 iunioribus,
1452 2755 1571 2827 aeque
1600 2732 1643 2805 ac
1670 2735 1836 2805 iuniores
1864 2755 1887 2802 a
1909 2729 2062 2803 seniori·

678 2860 763 2938 bus,
786 2860 922 2928 iuratos
953 2879 1030 2928 esse
1056 2856 1205 2950 probari
1233 2857 1356 2950 possit.
1450 2837 1456 2849 ί
1885 2856 1889 2864 ’

802 3205 970 3268 historiam
983 3248 986 3260 .
999 3199 1249 3264 ecclesiasticam
1269 3198 1432 3280 usquead
1452 3198 1552 3261 xvii.
1574 3199 1643 3262 eius
1666 3199 1871 3266 consulatum
1891 3201 2062 3282 perductu-

802 3331 876 3376 rum
904 3329 987 3381 etse,
1015 3309 1071 3372 red
1100 3309 1181 3370 hnic
1211 3312 1366 3390 promisso
1388 3327 1462 3378 ,non
1483 3313 1581 3374 stetit.
1643 3309 1731 3374 Nam
1750 3315 1778 3376 ii
1797 3315 1983 3394 neutiquam
2006 3333 2061 3376 aaa

806 3424 920 3486 dieudi
947 3399 1040 3492 sunt,
1060 3397 1126 3500 'qui
1145 3429 1341 3500 postremam
1371 3418 1544 3482 sozomeni
1565 3420 1720 3483 historiae
1740 3436 1865 3503 partem
1885 3426 2062 3493 coniiciuut

799 3519 1001 3616 deperditam
1035 3545 1113 3590 etse.
1165 3519 1490 3626 constrictant.
1520 3550 1634 3614 graeca
1671 3533 1722 3594 ed.
1749 3533 1866 3596 Harles
1895 3533 2059 3600 tom.V11.

804 3663 835 3726 P·
852 3662 922 3722 427·

739 3783 877 3867 ⁴²)'Hoo
903 3783 973 3844 iam
1014 3779 1145 3844 monuit
1160 3756 1309 3881 (Fldggeq
1338 3774 1453 3842 Gotch.
1481 3744 1542 3843 der
1577 3783 1675 3846 theol.
1718 3779 1914 3850 Wioemcz
1954 3784 2012 3852 tt
2025 3796 2057 3858 2.

801 3889 836 3956 d.
851 3898 926 3960 328·

742 4058 788 4141 ⁴⁸)
811 4059 909 4149 Quod
938 4078 978 4120 ex
998 4021 1174 4141 lipsiasirnit
1206 4056 1342 4118 sonoris
1373 4055 1478 4119 verbis
1506 4067 1605 4138 patet.
1646 4056 1718 4121 Lib.
1732 4059 1771 4122 ii.
1801 4067 1885 4131 c3.·
1924 4061 1995 4127 Οἷα
2024 4064 2058 4128 tt

803 4159 963 4250 Ἀ’κυλίνῳ
983 4169 1144 4256 diruptae,
1177 4166 1274 4252 ἀνδρὶ
1294 4169 1340 4238 εἰς
1372 4163 1425 4228 ἔτι
1446 4172 1506 4229 νῦν
1527 4169 1605 4250 ἡμῖν
1630 4167 1917 4257 σονδιατρίβοπι,
1944 4177 2004 4239 ani
2024 4177 2059 4241 tr

803 4287 876 4352 τοῖς
898 4279 1016 4364 αὐτοῖς
1036 4277 1264 4366 δικαστηρίοις
1282 4274 1377 4352 δίκας
1396 4277 1592 4364 ἀγορεύσω
1611 4301 1641 4344 z.
1662 4301 1699 4346 τ.
1721 4281 1753 4344 t.
