4392 5559
734 408 991 493 ...7.-

136 616 310 689 toritate
338 618 533 702 nituntur,
561 615 651 688 fides
685 614 855 686 habenda
880 575 949 702 iit,
975 638 1021 685 ax
1046 615 1108 698 iis,
1133 635 1228 707 quae
1253 637 1274 684 a
1298 617 1403 685 nobis
1428 614 1476 684 de
1499 620 1545 685 il·

125 746 282 815 lorum
317 744 456 815 indole.
474 744 645 814 historica
680 738 985 835 disputabuntur,
1011 743 1051 811 iu
1078 743 1294 813 uuiversum
1320 744 1450 811 saltem
1472 742 1547 809 col·

139 874 226 963 ligi
262 886 448 965 poterunt.
522 874 599 941 lam
635 888 721 939 vero
752 892 837 939 curn
868 883 907 938 et
940 873 1127 953 Socrates,
1160 883 1199 938 et
1237 872 1481 949 sozomenus,
1509 882 1547 933 et
1661 905 1664 914 ι

140 997 418 1068 'l'heodnretus
439 998 603 1068 eiusdem
631 998 708 1067 lere
735 996 915 1089 temporis
939 1016 997 1063 ros
1020 996 1061 1061 in
1079 994 1230 1065 ecclesia
1256 1009 1375 1087 gestas
1401 1016 1542 1062 mento-

139 1126 233 1193 riae
264 1128 516 1219 prodiderint,
542 1150 633 1195 num
655 1122 818 1217 quilibet
841 1144 971 1191 eorum
998 1118 1174 1202 seorsim,
1199 1143 1221 1187 e
1249 1120 1442 1211 primitivis
1464 1122 1545 1189 lon·

145 1252 263 1319 tibus
300 1254 492 1337 hauriens,
526 1254 728 1345 scripserit,
760 1270 807 1319 an
837 1251 931 1319 clius
971 1247 1133 1317 aliorum
1183 1248 1293 1316 libros
1329 1247 1548 1340 spoliaverit,

142 1378 191 1446 in
226 1394 382 1469 promtu
404 1392 459 1448 eet
477 1379 661 1469 quaestio.
726 1381 829 1469 Qtsae
855 1372 1006 1466 quidam
1048 1375 1233 1463 quaestio,
1269 1398 1379 1464 quam
1412 1398 1433 1441 a
1461 1376 1548 1443 viris

145 1506 278 1575 doctis
298 1509 372 1575 iam
402 1500 547 1597 pridem
573 1519 721 1573 motam·
742 1500 867 1585 video,
905 1524 924 1569 a
957 1501 1061 1570 uobis
1086 1500 1171 1570 ideo
1197 1503 1299 1592 prius
1326 1501 1546 1569 excutienda

144 1649 226 1718 est,
258 1631 442 1723 siquidem
476 1631 523 1697 ab
554 1650 597 1697 aa
624 1629 806 1697 thematis
840 1629 953 1696 nostri
987 1629 1080 1697 totio
1114 1642 1229 1717 atque
1250 1628 1412 1697 conditio
1439 1629 1548 1695 unice

144 1758 310 1850 pendet.
370 1756 464 1823 Natu
503 1756 533 1822 si
566 1752 732 1823 Socrates
765 1738 1040 1837 tantummodo,
1080 1754 1180 1843 quod
1215 1757 1330 1847 vulgo
1364 1753 1548 1834 statuitur,

145 1908 198 1953 ex
237 1884 327 1975 ipsis
363 1882 526 1953 fontibus
562 1880 759 1963 hausisset,
791 1878 1012 1948 Summanus
1040 1892 1166 1966 tutem
1204 1896 1244 1947 et
1279 1879 1548 1979 Theodoretus,

111 2014 226 2080 'talia
258 2008 452 2093 addentes,
476 2008 548 2077 alia
576 2010 836 2090 immutantes,
857 2004 911 2073 nil
937 2020 1057 2075 essent
1078 2007 1147 2073 uisi
1172 2007 1254 2074 eius
1279 2007 1546 2099 compilatores,

147 2140 193 2209 iu
221 2137 379 2206 huiusce
406 2135 517 2205 solius
542 2135 661 2203 sontes
686 2134 874 2225 inquirere
906 2135 1069 2225 prolecto
1090 2135 1284 2203 sufficeret.

131 2699 134 2711 Ι
214 2583 294 2671 De
321 2580 547 2667 historico
576 2577 810 2679 Socratis,
842 2578 1090 2667 Sozomeni
1120 2556 1178 2669 uc
1207 2578 1490 2666 Theodoreti

771 2714 903 2803 indul
929 2780 966 2807 ..

133 2936 137 2957 ⁸
261 2914 369 2983 Plura
415 2926 520 2998 sunt,
547 2934 656 3003 quae
698 2915 945 2985 ecclesiasticis
984 2917 1168 2987 historicis
1216 2910 1417 2985 Eusebium
1462 2914 1545 2979 sub·

155 3038 402 3129 sequentibus
447 3038 529 3105 iure
582 3042 791 3127 meritoque
842 3042 932 3110 vitio
982 3058 1181 3112 vertantur.
1268 3042 1417 3109 Etenim
1463 3040 1549 3105 istos
1629 3016 1632 3024 ’

156 3180 329 3235 auctores
364 3182 384 3227 a
422 3161 580 3251 perlecta
619 3162 798 3231 historiae
839 3164 1101 3235 ecclesiasticae
1143 3162 1357 3233 tractandae
1407 3166 1550 3233 ratione

136 3288 319 3359 ¹abluisse
377 3284 609 3377 longissime,
669 3285 738 3354 viri
791 3284 891 3357 docti
944 3288 989 3357 od
1036 3312 1154 3359 unum
1213 3312 1342 3359 omues
1398 3314 1552 3361 conscu-

158 3415 359 3499 tiunt1).·
406 3412 509 3503 Quae
560 3430 627 3503 per
668 3411 857 3481 saeculum
910 3428 1084 3505 quartum
1139 3414 1384 3505 quintumque
1435 3418 1551 3484 eccle·

158 3545 254 3611 sium
300 3538 478 3607 vexabant
520 3538 621 3606 rixae
656 3554 767 3627 atque
807 3536 973 3623 dissidia,
1012 3558 1052 3607 ea
1090 3540 1232 3617 ,scilicet
1270 3541 1450 3630 copiosius
1487 3568 1550 3609 ex·
1667 3562 1674 3573 ·
1726 3559 1733 3573 ⁹

159 3667 281 3759 posita
316 3662 568 3731 inveniuntur.
630 3665 683 3731 lta
709 3677 853 3745 tamen,
877 3678 926 3763 ut
951 3664 1168 3748 catholicae,
1195 3688 1288 3754 quae
1313 3666 1465 3748 dicitur,
1490 3692 1550 3734 ec·

135 3790 295 3861 ‘clasiae
333 3788 467 3881 placita
499 3788 658 3855 nimium
691 3803 874 3879 quantum
906 3790 1152 3878 extollantur,
1181 3790 1364 3861 diversam
1398 3815 1483 3860 vero
1506 3796 1549 3861 li·

139 4068 141 4073 ¹
236 4078 267 4159 ¹)
292 4078 427 4145 Plancis
449 4082 643 4161 Eiuleitung
666 4084 702 4142 iu
729 4081 783 4143 die
805 4081 900 4145 theol.
936 4078 1225 4167 Wissensehusten.
1252 4083 1348 4152 vso.
1369 4084 1484 4153 8327.
1506 4120 1549 4135 -

140 4206 144 4214 '
286 4190 431 4255 Samlers
456 4191 598 4254 Verruci
612 4192 666 4255 dte
685 4188 974 4257 Kircloenlsistorie
991 4196 1051 4265 der
1069 4211 1180 4257 ersten
1200 4194 1454 4259 Jaltrlrunderte
1473 4202 1548 4278 aus·

291 4306 459 4413 rulldsen.
480 4300 579 4371 &14-
599 4320 631 4364 u.
642 4304 675 4387 s
755 4350 762 4361 .
