4392 5559
732 342 1019 431 -or-

157 565 273 613 sacre
300 544 481 636 scriptura
512 544 711 630 desumtis,
740 547 927 617 Christum
948 546 1039 614 dicit
1066 565 1197 611 rerum
1222 558 1333 633 atque
1358 548 1562 635 perfectum

163 668 286 739 deum
313 670 536 766 κατὰφύσιν.
589 675 759 745 Arionem
795 674 999 743 doctrinam
1029 672 1199 754 damnat,
1237 673 1298 740 sed
1331 676 1386 742 uti
1417 694 1562 745 antece·

163 794 297 867 dentia
322 799 488 889 symbola
517 822 641 869 vocem
669 799 849 890 ὁμοούσιος
882 802 1032 871 omittit.
1084 801 1186 868 Inter
1216 802 1419 882 secundum
1454 820 1565 894 atque

164 923 328 993 tertium
361 925 550 995 intercidit
573 928 802 1016 symbolum,
836 931 879 996 ab
905 929 969 999 illa
999 930 1074 1021 ipsa
1101 929 1240 1018 synodo
1275 932 1562 1025 promulgatum,

167 1050 271 1141 qnod
307 1050 407 1143 apud
437 1053 557 1120 solnm
593 1052 833 1121 Athanasium
868 1058 924 1123 De
958 1057 1109 1143 synodis
1146 1056 1178 1147 §.
1204 1065 1261 1136 21.
1309 1060 1459 1128 obrium
1497 1074 1560 1131 est.

167 1174 311 1243 Cuncta
340 1176 405 1244 ista
440 1177 608 1265 symbola
638 1199 680 1245 co
711 1179 860 1245 consilio
900 1181 944 1245 ab
969 1183 1224 1249 Orientalibus
1247 1182 1344 1249 edita
1377 1200 1485 1270 sunt,
1521 1198 1562 1251 ut

167 1319 314 1392 quanto
348 1304 393 1371 ab
420 1304 494 1373 Arii
523 1305 726 1388 erroribus,
760 1320 871 1404 tanto
897 1307 942 1373 ab
969 1308 1158 1376 Athanasii
1189 1308 1374 1401 dogmatis
1399 1332 1475 1377 sese
1502 1333 1559 1378 re·

168 1429 317 1501 cessisse
340 1432 488 1524 publice
509 1443 855 1512 commonstrarent.
908 1432 1074 1499 Primum
1101 1448 1211 1523 atque
1233 1434 1439 1518 secundum
1461 1459 1559 1526 sym·

168 1554 302 1627 bolum
329 1557 471 1627 editum
495 1572 550 1627 est
568 1581 665 1627 anno
684 1568 781 1643 3tt1‚
804 1563 954 1629 tertium
982 1580 1081 1627 anno
1102 1568 1189 1639 3112.
1216 1574 1254 1627 et
1281 1563 1453 1649 quartum
1472 1570 1558 1643 345.

169 1682 336 1755 Socrates
361 1684 414 1770 ΙΙ,
441 1695 578 1767 11118.
605 1695 659 1769 19.
715 1686 887 1755 Athenas.
939 1688 996 1753 De
1015 1686 1166 1775 synodis
1192 1701 1280 1768 tom.
1297 1689 1341 1754 IL
1367 1698 1556 1781 pag.735·

170 1819 258 1897 739.
310 1812 539 1905 Nicephorus
562 1815 607 1898 X,
639 1823 671 1893 5.
693 1828 805 1900 atque
830 1813 894 1897 tx,
934 1824 1073 1893 1011.
1108 1813 1294 1902 primum,
1329 1815 1481 1890 tertium
1518 1840 1560 1887 ac

169 1952 348 2027 quartum
373 1939 498 2007 habet.
551 1940 789 2025 HilariusDe
811 1938 958 2028 synodis
979 1938 1085 2026 §.29.
1113 1938 1320 2011 secundum
1345 1938 1418 2009 dat.
1448 1943 1558 2011 Man·

166 2066 201 2131 ci
227 2066 365 2137 collect.
391 2068 519 2137 concil.
555 2080 645 2137 tom.
672 2066 733 2136 ΙΙΙ.
766 2086 839 2159 pag
875 2074 1125 2149 1339-1316.

270 2318 456 2415 Symbola
482 2315 621 2387 Sirmii
653 2321 829 2412 exposita
861 2318 949 2389 trin.
1001 2316 1170 2385 Primum
1204 2315 1440 2404 symbolum,
1478 2320 1556 2390 edi·

168 2465 250 2517 tum
269 2454 470 2528 anno35l,
502 2446 699 2513 Nicaenarn
721 2444 832 2513 iidem
852 2458 997 2526 tuetur,
1024 2454 1285 2533 praeterquam
1308 2441 1406 2530 quod
1427 2466 1555 2516 vocem

169 2572 349 2665 ὁμοούσιος
380 2573 529 2642 omittit.
581 2571 815 2655 Secundum,
845 2570 1021 2660 scripturn
1050 2586 1145 2632 anno
1173 2575 1268 2650 357,
1311 2568 1464 2635 Arianae
1491 2570 1555 2641 do·

168 2702 306 2771 ctrinae
328 2701 446 2783 iacet,
472 2714 584 2789 atque
604 2721 735 2767 rocem
763 2695 943 2787 ὁμοὸυσιος
965 2708 1001 2761 et
1023 2688 1219 2781 ὁμοιούσιος
1239 2691 1408 2761 reiiciens
1418 2696 1554 2769 Filium

170 2828 271 2897 Patri
293 2826 472 2920 dignitate
495 2848 537 2894 ac
559 2825 749 2893 maiestate
775 2823 904 2891 cedere
926 2819 1067 2888 statuit.
1122 2800 1313 2900 Tertium,
1337 2819 1468 2889 omissa
1493 2846 1553 2893 vo.

172 2952 426 3042 οεὸμοούσιος,
462 2952 597 3020 Filium
631 2950 737 3019 docet
759 2950 857 3021 Patri
889 2942 1109 3051 raedarium
1139 2940 1267 3033 ὅμοιον.
1316 2946 1552 3017 Postremum

170 3083 377 3174 symbolum
404 3102 424 3147 a
446 3080 591 3163 Marco,
624 3076 826 3145 Arethusae
850 3073 1052 3168 episcopm·
1071 3070 1195 3138 Sirmii
1223 3068 1376 3158 quidem
1404 3092 1552 3164 compo·

166 3212 297 3292 situm,
333 3207 396 3277 sed
424 3205 582 3273 Arimini
616 3204 765 3299 demum
797 3200 1020 3295 praelectum
1050 3214 1101 3265 est
1133 3220 1229 3264 anno
1254 3205 1342 3279 359.
1389 3198 1553 3270 Socrates

165 3342 217 3419 11,
233 3346 291 3416 30.
306 3344 367 3415 37.
418 3332 591 3403 Athones.
616 3330 672 3398 De
693 3328 842 3417 synodis
858 3342 954 3411 tom.
971 3326 1015 3393 ΙΙ.
1041 3345 1123 3415 pag.
1139 3332 1225 3402 721.
1240 3332 1325 3411 7113.
1347 3328 1432 3402 7411»
1485 3326 1551 3395 Hi·

167 3466 280 3537 iarius
305 3462 363 3529 De
397 3457 545 3549 synodis
582 3456 649 3524 col.
688 3460 796 3537 1174.
827 3460 933 3532 1156.
973 3452 1141 3543 primum
1166 3472 1208 3519 ac
1237 3448 1442 3521 secundum
1470 3449 1553 3539 dat;

167 3590 273 3661 sicuti
307 3586 536 3676 Nicephorus
568 3581 639 3667 IX,
675 3591 732 3663 13.
763 3588 823 3661 31.
873 3578 997 3647 Mansi
1021 3578 1174 3648 Collect.
1213 3577 1343 3646 concil.
1378 3580 1550 3647 romili.

167 3740 245 3813 pag.
271 3719 488 3795 ast-mo·

264 3962 375 4033 Fidei
402 3961 592 4053 expositio
619 3959 774 4047 Aeacii,
817 3960 858 4027 in
899 3958 1049 4053 synodo
1079 3953 1316 4027 Seleucienei
1359 3952 1550 4048 praelecta

162 4114 260 4170 anno
288 4098 372 4171 359.
425 4086 525 4155 Haec
549 4083 640 4153 tides
664 4106 776 4153 voees-
792 4079 988 4171 ὀμοούσως,
1021 4080 1215 4171 doceminor
1246 4094 1359 4170 etque
1384 4077 1551 4168 ,ἀνόμοιος

164 4221 334 4305 damnat,
374 4213 572 4305 etIFilirrm
596 4210 695 4279 Patri
722 4208 842 4299 quoad
872 4207 1107 4276 voluntatem
1133 4219 1279 4274 tantum
1314 4228 1443 4297 parem
1473 4229 1549 4277 esse

1255 4335 1326 4417 9*
