4392 5559
694 367 981 457 ..„...

122 574 252 659 tibus,
284 574 400 643 animi
424 573 640 667 penderent.
694 576 807 644 Porro
841 574 928 641 licet
962 572 1023 639 hic
1063 590 1160 637 unus
1193 570 1381 638 Athanasii
1413 572 1522 641 fuisse

126 702 285 769 videtur
307 722 452 791 scopus,
483 716 526 768 ut
546 720 603 767 res
622 701 783 767 Arimini
808 715 844 768 et
864 697 1049 769 Seleuciae
1074 709 1171 761 actas
1194 713 1404 782 enarraret,
1439 717 1522 789 post

125 828 337 897 absolutam
364 839 490 897 tamen
520 826 617 893 hanc
650 847 732 893 rem
758 824 811 893 'ad
843 824 913 893 alia
945 819 1201 915 progreditur,
1234 836 1348 910 atque
1378 842 1420 893 ut
1451 830 1522 897 ilu-

128 968 326 1021 ctuantem
354 953 572 1019 Arianorum
597 952 635 1018 in
660 951 733 1020 lide
758 974 819 1018 sua
844 952 1011 1017 animum
1036 947 1229 1039 perspicue
1248 968 1524 1038 commonstret,

129 1080 252 1147 varias
275 1079 381 1144 variis
404 1078 491 1144 lucis
518 1078 823 1167 temporibusque
847 1076 985 1143 abillis
1009 1074 1124 1142 editas
1146 1073 1233 1141 fidei
1258 1076 1432 1143 formulas
1461 1098 1522 1143 re·

133 1219 263 1273 censet
297 1218 334 1271 et
362 1202 404 1270 ad
439 1203 591 1269 verbum
621 1202 747 1271 refert.
799 1202 846 1269 lis
879 1224 1024 1291 quoque
1047 1202 1221 1269 absolutis
1247 1207 1308 1271 τοῦ
1339 1202 1520 1290 ὁμοουσίου

131 1348 264 1397 vocem
295 1330 340 1397 ab
363 1329 584 1399 Arianorum
610 1328 879 1397 obiectionibus
903 1326 1073 1401 vindicat,

237 1588 442 1668 Socratem,
474 1587 722 1654 Sozomenum
744 1603 786 1650 ac
808 1581 1088 1651 Theodoretum
1112 1583 1333 1653 Ariauarum
1356 1586 1518 1657 rixarum

134 1678 327 1779 rieminem
356 1710 523 1777 habuisse
548 1724 737 1775 auctorem
767 1709 1030 1777 accuratiorem
1066 1709 1333 1799 certioremque
1356 1713 1519 1779 Athana·

133 1836 210 1919 siu,
249 1836 322 1903 illis
351 1837 433 1925 plus
470 1856 578 1925 quarn
614 1835 714 1901 ullus
748 1836 840 1901 alius
874 1836 1075 1925 implicito,
1110 1836 1187 1902 iam
1220 1859 1329 1928 supra
1363 1862 1383 1905 a
1419 1842 1522 1911 nobis

133 1961 324 2030 monitum
350 1977 412 2029 est.
463 1961 973 2053 Verumtamen-complura,
1006 1983 1098 2051 quae
1123 1962 1168 2027 ab
1193 1984 1237 2029 eo
1264 1962 1396 2031 tradita
1423 1985 1521 2055 sunt,

132 2086 205 2155 viri
228 2086 326 2156 docti
347 2089 445 2157 limis
466 2087 674 2178 adspiciunt
697 2086 820 2154 oculis.
874 2090 974 2177 Quae
1001 2072 1155 2175 quidem
1179 2087 1337 2175 suspicio
1364 2112 1408 2157 ex
1433 2092 1517 2165 odio

134 2215 332 2305 praecipue
358 2229 439 2281 orta
464 2212 627 2295 videtur,
666 2233 737 2297 quo
765 2211 842 2278 fere
869 2210 1093 2279 Athanasius
1118 2212 1158 2279 in
1182 2213 1333 2282 Arianos
1356 2216 1424 2282 sibi
1447 2218 1519 2288 ini·

135 2339 351 2407 misissimos
372 2337 571 2406 invehitur.
624 2334 693 2403 Sed
717 2336 833 2428 cogita
859 2337 1011 2405 demum
1036 2338 1171 2427 quibus
1189 2339 1409 2408 Arianorum
1435 2364 1519 2409 con-

137 2466 418 2559 spirationibus,
468 2463 677 2544 calumniis,
720 2462 909 2533 fraudibus
942 2464 1163 2551 Athanasius
1200 2465 1361 2556 agitatus
1394 2468 1523 2566 fuerit,

139 2605 178 2659 et
213 2592 317 2659 illam
353 2590 649 2683 indignationem
682 2589 994 2681 acerbitatemque
1034 2589 1143 2657 facile
1181 2592 1379 2661 excusabis.
1436 2599 1521 2668 Huc

138 2715 278 2785 accedit
304 2718 403 2807 quod
427 2717 647 2785 Athanasius
673 2736 749 2783 non
772 2728 845 2783 tarn
868 2717 909 2783 in
932 2715 1028 2805 ipsos
1056 2715 1225 2798 Arianos,
1263 2738 1373 2805 quam
1396 2721 1435 2789 in
1457 2748 1519 2794 eo·

137 2868 223 2913 rum
252 2842 453 2913 doctrinam
488 2843 571 2911 odio
607 2842 796 2935 flagrabat.
849 2841 1079 2926 Dummodo,
1114 2841 1211 2932 quod
1248 2841 1434 2936 diligentis
1465 2865 1519 2918 at-

143 2994 215 3061 que
250 2970 495 3059 circumspecti
523 2983 575 3036 est
604 2968 743 3048 critici,
781 2991 821 3035 ea
846 2969 1067 3051 seiunxeris,
1101 2993 1198 3058 quae
1226 2992 1270 3039 ex
1300 2972 1425 3040 animo
1457 2996 1520 3043 au·

143 3097 250 3165 ctoris
287 3097 475 3165 excerbato
509 3095 673 3186 prosecta
697 3092 796 3161 facili
819 3096 968 3189 negotio
992 3092 1214 3188 distingues,
1247 3109 1427 3166 etcetera
1453 3102 1517 3169 ha·

138 3225 242 3293 bebis
264 3224 462 3292 verissima.

237 3477 330 3545 Prae
349 3476 476 3546 ceteris
493 3496 576 3543 vero
597 3471 786 3541 Athanasii
812 3471 856 3539 de
877 3486 996 3541 morte
1013 3473 1091 3541 Arii
1112 3474 1293 3557 narratio,
1324 3500 1418 3567 quae
1449 3478 1516 3549 ba·

133 3604 246 3671 betur
267 3602 308 3670 in
330 3600 481 3691 epistola
502 3598 547 3667 ad
566 3597 820 3689 Serapionem,
847 3597 990 3687 saepius
1011 3612 1054 3665 ut
1069 3598 1193 3689 spuria
1212 3600 1345 3669 reiecta
1363 3620 1416 3671 est
1436 3606 1514 3696 ¹¹5).

181 3924 240 4006 ¹¹⁵)
262 3924 394 3985 Hancne
416 3922 630 3980 narrationem
654 3920 717 3978 sive
745 3916 993 3986 addubitarunt,
1024 3914 1087 3973 siva
1110 3913 1403 3975 condemnaverunt
1426 3920 1514 3985 Soci.

262 4052 340 4103 nus,
372 4031 531 4101 Zwiclser,
563 4030 709 4099 Sandan,
737 4026 867 4087 Arnold.
911 4025 998 4102 Quin
1027 4025 1095 4082 imo
1119 4023 1285 4102 peculiaria
1307 4038 1394 4086 extat
1416 4033 1515 4113 Angli

263 4142 428 4203 cniurdam
450 4142 596 4201 libellus:
618 4138 704 4199 Mors
725 4138 795 4196 Arii
817 4134 1047 4193 commentitia.
1081 4132 1129 4194 De
1149 4130 1262 4210 quibus
1284 4132 1354 4191 vide
1382 4134 1516 4205 Wazch,

264 4252 457 4334 Etaietrung
479 4254 513 4311 in
533 4253 586 4313 die
609 4246 1015 4327 Religionsstreitr'glrer'ten
1037 4261 1151 4303 ausser
1170 4244 1231 4303 der
1254 4242 1296 4304 Ε.
1318 4241 1358 4305 L
1379 4243 1427 4312 K.
1451 4245 1513 4314 lid,

1264 4366 1307 4435 tt
