4392 5559
1223 356 1479 447 ..3ss

655 574 743 643 dem
777 555 996 666 prolitentes
1034 582 1156 641 senae
1184 564 1368 639 insidiose
1392 566 1632 637 &mentun
1657 566 1819 639 Melius
1844 568 1946 641 haud
1968 574 2036 642 do·

653 701 718 769 bie
755 695 803 767 de
833 694 1095 767 adsessores
1125 690 1306 765 historiae
1329 691 1433 763 illim
1456 689 1640 785 temporis
1660 694 1817 781 veritate
1836 708 1961 766 actum
1981 720 2037 767 es·

653 844 729 913 set,
765 827 797 895 si
820 844 897 893 nun
919 822 1042 893 solum
1073 818 1276 889 nehalim
1306 817 1398 889 fidei
1419 832 1638 907 senatores,
1661 842 1793 890 vemm
1815 822 2039 914 etiem'par·

653 958 753 1027 tium
777 949 1072 1021 adversar‘nrum
1096 946 1249 1017 asseclas
1267 957 1436 1015 auctores
1456 944 1623 1016 baberet.
1670 945 1824 1016 Utinam
1846 946 1962 1041 igitur
1980 972 2041 1021 ec·

655 1080 852 1153 clesiastice
875 1075 1053 1157 historia,
1079 1094 1192 1164 quem
1221 1070 1494 1167 Philostergius
1527 1073 1686 1143 Asianus
1707 1073 1872 1163 scripsit,
1900 1073 2042 1168 integra

654 1210 701 1277 ad
729 1230 798 1277 nos
832 1202 1067 1297 pervenisset.
1126 1203 1349 1292 Quanquam
1384 1218 1509 1291 neque
1539 1199 1603 1271 bic
1635 1224 1660 1271 a
1680 1199 1798 1271 nimio
1820 1222 1908 1271 snae
1929 1205 2043 1291 partis

656 1335 781 1405 studio
806 1334 903 1401 liber
924 1342 1001 1413 est,
1029 1325 1094 1397 sed
1120 1327 1161 1397 in
1194 1326 1399 1397 mtbolicae
1422 1328 1597 1400 aerledus
1619 1326 1788 1399 doctores
1810 1342 1851 1395 et
1873 1324 2044 1420 dogmata

655 1459 874 1532 insolentius
906 1454 1108 1527 invehitur.
1151 1457 1352 1523 ¹llttamen
1382 1454 1433 1525 de
1468 1454 1600 1525 eadem
1635 1476 1681 1525 re
1707 1452 1937 1523 diversarum
1962 1477 2046 1547 par·

656 1590 753 1657 tium
783 1596 950 1659 auctores
978 1578 1111 1649 andire
1138 1592 1310 1669 praestat.
1343 1583 1464 1651 ·Nam
1500 1584 1717 1666 calumniis,
1754 1602 1846 1673 quas
1871 1594 2047 1651 mutuum

659 1710 789 1781 odium
815 1706 1006 1791 excitarit,
1038 1703 1217 1793 utrinqne
1251 1704 1426 1793 detersis,
1450 1709 1583 1778 veritas
1606 1730 1652 1779 eo
1673 1706 1809 1777 clarior
1833 1706 2047 1797 exsplende-

663 1836 742 1907 scit
791 1836 933 1903 Verum
956 1830 1148 1901 enimvero
1179 1832 1379 1917 Catholici,
1410 1836 1477 1924 qni
1505 1836 1553 1905 ab
1577 1836 1769 1905 haeretico
1800 1833 1955 1903 humine
1975 1830 2046 1899 sibi

662 1961 836 2034 maledici
875 1962 1023 2054 aegrius
1055 1956 1248 2041 ferebant,
1280 1959 1321 2027 in
1349 1960 1593 2057 Philostorgii
1627 1961 1821 2031 baioriam
1851 1935 2047 2029 delendam

663 2092 929 2183 conspirarunt·
979 2084 1143 2175 Ideoque
1165 2082 1308 2158 iactum
1331 2100 1407 2169 est,
1442 2101 1488 2157 ut
1511 2087 1616 2157 illius
1639 2086 1697 2155 nil
1720 2084 1881 2178 supersit
1903 2085 1973 2153 nisi
1993 2101 2047 2153 te·

664 2238 738 2285 nue
770 2213 976 2285 admodum
1012 2221 1301 2307 argumentum,
1332 2234 1354 2279 a
1379 2210 1516 2283 Photio
1540 2214 1763 2306 expositum.
1835 2212 1936 2280 Tum
1959 2234 2046 2281 vero

665 2340 850 2436 quomodo
879 2338 969 2408 inde
986 2362 1021 2437 „a
1051 2335 1295 2408 Constantino
1327 2336 1470 2433 Magno
1498 2341 1673 2411 ecclesiae
1697 2338 1861 2408 conditio
1885 2358 1972 2431 erga
1996 2340 2049 2407 ri·

664 2477 831 2555 ritatem,
850 2471 1058 2537 Romanam
1094 2463 1255 2557 eraserit
1287 2465 1443 2550 laetior,
1478 2466 1636 2536 interior
1672 2465 1754 2533 eius
1782 2464 1976 2546 immutata
2001 2467 2048 2531 sit

666 2592 906 2695 gubernatio,
939 2603 977 2659 et
1004 2589 1214 2681 complures
1245 2590 1420 2661 ecclesiae
1450 2593 1492 2662 in
1522 2601 1643 2663 unum
1675 2613 1808 2684 corpus
1832 2591 2049 2677 coaluerint,

667 2720 852 2821 quomodo
877 2740 991 2813 porro
1015 2716 1236 2811 religionem
1258 2715 1512 2789 Christianam
1536 2721 1616 2788 sire
1640 2716 1800 2787 ulterius
1826 2738 2050 2810 propagare·
2183 2745 2184 2816 p

667 2856 768 2933 rint,
793 2849 867 2915 sire
891 2842 1021 2915 maiori
1054 2840 1200 2913 externi
1233 2842 1355 2912 cultus
1386 2844 1584 2937 splendore
1614 2845 1844 2929 ornaverint,
1866 2847 2051 2934 quomodo

668 2978 830 3065 denique
868 2990 943 3041 non
978 2969 1102 3037 solum
1133 2966 1346 3038 excultioris
1381 2969 1524 3065 ingenii
1552 2973 1761 3058 homines,
1784 2994 1912 3040 verum
1939 2976 2048 3043 etiam

668 3120 745 3175 tota
769 3099 1063 3169 Christianorum
1099 3093 1307 3165 multitudo
1340 3096 1447 3166 illam
1471 3113 1703 3190 perspectam
1719 3113 1841 3187 atque
1866 3100 2051 3189 cognitam

668 3230 858 3301 habuerit:
889 3246 932 3293 ea
963 3222 1089 3290 omnia
1125 3220 1265 3313 partim
1296 3221 1615 3321 dammartin
1641 3222 1763 3291 obiter
1786 3237 1931 3290 tantum
1958 3239 2050 3293 tacta

673 3346 937 3445 deprehendes.
992 3343 1064 3413 Cui
1079 3367 1083 3373 ·
1098 3342 1239 3414 accedit
1274 3365 1402 3415 rerum
1431 3346 1661 3418 mirabilium
1692 3368 1805 3431 vana,
1831 3369 1878 3415 ue
1907 3353 2051 3442 gravius

673 3476 762 3569 quid
791 3474 930 3557 dicam,
951 3470 1160 3541 credulitas.
1210 3468 1411 3543 Enimvero
1435 3492 1514 3543 non
1533 3473 1776 3564 solum.quae
1796 3489 1976 3564 martyres
1998 3481 2054 3547 in·

674 3598 903 3673 credibiliter
930 3595 1093 3691 perpessi
1123 3596 1280 3680 luerint,
1310 3596 1375 3665 sed
1401 3601 1671 3668 monachorum
1699 3620 1870 3691 quoque,
1898 3626 2055 3691 quotum
2183 3583 2184 3588 Ἰ

550 3778 554 3783 -
675 3727 869 3821 disciplina
905 3739 989 3792 turn
1021 3721 1184 3793 maxime
1219 3722 1394 3807 florebat,
1424 3725 1645 3798 mirabiliter
1676 3742 1884 3819 perpetrata
1907 3730 1955 3795 ab
1980 3729 2057 3797 istis

610 3866 613 3871 “
676 3852 916 3944 scriptoribus
937 3850 1017 3917 sine
1041 3848 1123 3917 ullo
1154 3871 1238 3917 vera
1269 3831 1515 3945 investigandi
1538 3867 1578 3921 et
1603 3850 1833 3922 diiudicandi
1856 3854 1977 3923 stndio
2003 3858 2059 3923 hi·

676 3979 808 4047 storiae
842 3977 1119 4046 intexebantur.
1176 3974 1318 4067 Quibus
1353 3975 1454 4045 vitiis
1479 3954 1651 4071 deinceps
1676 3980 1900 4048 enumeratis
1925 3995 1964 4047 et
1993 3952 2058 4049 So·
2183 4025 2184 4036 η

678 4108 801 4189 crates,
829 4120 867 4173 et
889 4088 1121 4187 sozomenus,
1146 4117 1187 4171 et
1204 4097 1465 4173 Theodoretus
1491 4101 1654 4195 adspersi
1674 4119 1764 4172 sunt
1782 4104 1864 4195 plus
1879 4106 2057 4175 minusve.
2183 4097 2185 4162 ἶ

679 4232 785 4327 Quod
814 4234 887 4299 iam
910 4234 949 4299 iu
971 4231 1126 4325 singulis
1150 4228 1342 4298 videamus
1369 4220 1600 4337 accpratius(
1659 4320 1666 4329 Ι
