4392 5559
1237 347 1529 449 *36⁴5

691 554 870 653 legentes
890 556 1021 624 earum
1045 564 1151 623 erant
1172 546 1381 645 participes
1391 548 1461 624 aar·
1473 548 1716 645 spectatores,
1754 550 1830 621 sir'e
1849 549 1941 619 ab”
1914 573 1977 634 ns,
2012 549 2082 639 qui

690 706 862 775 quamvis
878 679 1068 772 aequales,
1099 678 1181 747 loco
1204 693 1331 747 tamen
1359 681 1595 764 remotiores,
1624 700 1711 747 cum
1740 670 1845 760 siris,
1878 674 2080 767 aquibus,
2171 721 2172 734 ι

692 811 781 903 qnid
806 812 944 879 lactum
977 821 1092 891 esset,
1126 828 1212 875 rere
1239 818 1279 875 et
1302 820 1474 875 accurata
1496 806 1689 874 resciscere
1716 816 1907 895 poteraut,
1938 794 2078 869 ιιοιιιιιι·

690 952 878 1011 uterentur
900 933 1151 1017 familiariter3
1175 932 1251 1001 sive
1274 930 1437 1022 denique
1461 930 1588 1015 abiis,
1610 930 1676 1021 qui
1695 929 1829 998 etloco
1849 942 1889 997 et
1908 942 2081 1017 tempore

689 1061 853 1153 quamvis
885 1059 1036 1128 arabus
1054 1058 1171 1150 -gestis
1198 1057 1372 1143 seiuncti,
1403 1081 1424 1127 a
1455 1060 1556 1127 lonte
1590 1069 1735 1142 tamen,
1770 1056 1985 1148 quicunqne
2011 1053 2078 1123 de·

686 1211 789 1257 nrum
815 1186 881 1255 ille
899 1186 1028 1272 fuerit,
1060 1186 1181 1255 bonae
1204 1183 1292 1255 fidei
1314 1172 1530 1255 haurirent?
1569 1204 1781 1309 qrranquam
1804 1182 1857 1277 tgr
1860 1198 1921 1253 tur
1942 1202 2078 1277 magna

683 1312 921 1384 sitientium
943 1312 1125 1397 varietas,
1150 1312 1191 1381 iu
1209 1295 1255 1381 eo
1280 1326 1431 1395 tamen,
1468 1298 1571 1403 quod
1596 1298 1723 1391 rerum
1752 1311 1958 1379 memoriae
1989 1328 2076 1400 pro·

690 1439 852 1509 diturum
884 1440 1075 1509 veritatem
1106 1422 1337 1532 perspectam
1363 1436 1504 1508 h'abere
1543 1452 1657 1520 certe
1670 1439 1880 1529 potuerint,
1920 1416 2074 1520 omnes,

690 1567 753 1659 qui
780 1567 916 1637 merito
937 1558 1062 1637 luntas
1082 1566 1249 1667 historici
1267 1550 1449 1651 anbiunt,
1470 1566 1680 1659 conspirare
1699 1562 1848 1633 debent.
1899 1567 2076 1634 Attamen
2174 1603 2176 1628 .

604 1710 610 1729 “
688 1694 833 1765 nemini
855 1692 1031 1762 historico
1059 1713 1203 1778 rerum,
1231 1693 1479 1791 questrat-lit,
1509 1693 1764 1785 quamtumvis
1796 1692 1939 1785 perito,
1980 1688 2073 1757 fides
2118 1768 2132 1787 ,

688 1820 818 1911 utique
843 1817 1016 1923 bsbsnda
1043 1831 1108 1889 eat.
1157 1821 1253 1889 Nam
1282 1820 1481 1889 innumera
1510 1819 1590 1888 lere
1617 1816 1832 1909 apud-alios
1856 1816 1929 1886 alia
1953 1816 2071 1909 impe·
2174 1797 2175 1842 ³

690 1941 859 2063 elimenta
882 1946 1075 2031 veritatem
1102 1944 1325 2061 obstruere,
1339 1946 1539 2029 ,neminem
1566 1944 1675 2043 fugit.
1723 1944 1946 2014 Praesertim
1975 1926 2075 2037 apud

686 2054 880 2165 historicos
919 2074 1176 2144 ecclesiasticos
1211 2072 1301 2144 lidei
1331 2073 1568 2185 potissimum
1598 2072 1756 2141 varietas
1786 2071 1933 2140 veritati
1961 2070 2074 2141 maxi·

687 2220 792 2269 ιιιιιιιι
832 2199 964 2270 intulit
1002 2199 1284 2271 detrimentum.
1345 2200 1450 2306 Nihil
1488 2200 1589 2268 enim
1623 2200 1893 2289 historicorum
1931 2200 2072 2286 animos

634 2342 650 2365 ⁹
687 2340 909 2434 transversos
940 2327 1019 2421 egit
1048 2298 1342 2413 vehementius,
1374 2350 1487 2417 quam
1529 2327 1627 2417 ιιιιιιι
1659 2350 1775 2423 erga
1787 2329 1950 2422 diversae
1986 2326 2074 2395 fidei

688 2426 883 2523 sectatores
904 2438 1131 2554 inexpiabile
1158 2452 1299 2563 odium.
1330 2457 1538 2563 Quatenus
1568 2454 1684 2551 igitur
1706 2471 1836 2527 auctor
1861 2458 1984 2551 legem
2015 2452 2073 2521 hi·

687 2578 840 2649 storicae
861 2579 949 2647 fidei
968 2580 1202 2671 primariam,
1236 2580 1391 2675 neptale
1417 2583 1619 2651 veritatem
1644 2594 1711 2685 cut
1735 2596 1976 2683 corrumpat,
2007 2598 2075 2655 aut

688 2716 831 2793 tacent,
858 2703 933 2773 sire
955 2704 1142 2790 tennerit,
1170 2704 1247 2773 sire
1249 2696 1477 2803 violaverit,
1503 2727 1722 2810 quanquam
1750 2729 1808 2787 res
1840 2710 1887 2776 sit
1917 2711 2073 2783 summis

686 2832 857 2902 intricata
897 2830 1196 2919 difficultatibus,
1234 2829 1406 2944 distincta
1430 2842 1559 2899 tamen
1587 2846 1628 2901 et
1653 2847 1822 2918 accurate
1849 2834 2072 2907 constituen-

686 2950 778 3071 dum
799 2969 867 3043 e.st

784 3210 893 3303 Quod
933 3208 978 3279 ad
1004 3214 1209 3299 Socratem,
1246 3210 1493 3284 sozomenum
1513 3228 1631 3318 atque
1651 3212 1953 3306 (I'beodoretnm,
1986 3221 2072 3291 scri·

685 3302 809 3437 ptores
827 3335 1105 3421 ecclesiasticos,
1126 3339 1280 3425 attinet,
1303 3339 1480 3409 hactenus
1494 3338 1585 3407 ‹le”
1559 3363 1604 3409 ιιι
1621 3340 1716 3411 bene
1735 3356 1859 3417 ectum
1878 3357 1949 3428 est,
1971 3320 2071 3436 quod

672 3438 723 3531 'et
743 3482 829 3528 suae
848 3460 976 3529 aetatis
995 3482 1051 3529 res
1074 3461 1113 3527 in
1133 3462 1290 3541 Ecclesia
1318 3478 1438 3559 gestas
1463 3465 1718 3578 tradiderunt,
1744 3484 1782 3542 et
1801 3492 1895 3561 quae
1913 3472 2072 3543 aliorum

684 3585 903 3655 auctoritate
919 3586 1150 3671 retulerunt,
1180 3611 1309 3659 eorum
1329 3607 1395 3661 aut
1416 3617 1542 3665 rerum
1565 3597 1782 3689 participes,
1811 3610 1875 3665 aut
1899 3599 2071 3689 aequales

684 3714 849 3783 habuere
879 3726 1055 3784 auctores.
1118 3717 1212 3785 Nam
1247 3696 1529 3791 contentionum
1560 3726 1777 3793 Arianarum
1803 3746 1916 3813 quem
1939 3726 2069 3795 certiu-

561 3896 566 3907 .
684 3864 767 3913 rent
801 3840 937 3911 habere
968 3855 1141 3936 poterant
1172 3856 1382 3931 auctorem,
1426 3848 1541 3938 quain
1572 3844 1680 3919 illu'm
1710 3844 1972 3933 Athanasium,
2006 3848 2070 3942 qui

560 3972 577 3988 ⁸
684 3990 816 4039 eartrm
843 3983 964 4060 partes
994 3970 1074 4062 egit
1094 3970 1302 4041 maximas?-
1327 3974 1452 4065 ·Quae
1484 3998 1599 4069 porro
1622 3974 1887 4046 Constantinus
1907 3958 2069 4067 Magnus

684 4095 724 4164 in
742 4090 982 4163 commodum
993 4096 1324 4192 Ecclesiaegessit,
1350 4122 1479 4170 eorum
1500 4091 1688 4173 auctorem
1702 4088 2068 4188 habentttusebium,

685 4217 927 4289 Constantino
955 4222 1241 4313 amicissimum,
1287 4241 1331 4297 ut
1361 4228 1450 4297 alios
1478 4236 1622 4301 taceam
1653 4218 1863 4316 auctores,
1881 4208 1946 4320 qui
1971 4228 2067 4311 iplra
