4392 5559
1094 210 1479 381 stn-

636 498 778 571 interea
804 514 1001 567 remanens
1018 472 1479 589 Marcello-Archelaoque
1505 493 1713 605 doctrinam
1731 490 1948 561 Manichaei
1971 512 2054 559 ex·
2169 511 2170 520 ¹

640 625 755 719 ponit.
809 623 925 693 Paulo
954 636 1036 714 post
1059 622 1137 713 ipse
1165 623 1315 692 advenit
1335 623 1479 693 Manes.
1529 626 1714 693 Convocat
1735 621 1852 715 igitur
1869 616 2051 687 Marcel·

639 749 695 821 lus
717 750 908 841 primarios
935 748 1036 817 urbis
1060 750 1174 833 sirm,
1211 750 1387 841 equibus
1411 748 1553 819 iudices
1576 748 1683 843 eligit
1705 744 1890 838 religione
1911 740 2052 837 genti·
2167 791 2168 809 r

640 874 702 956 les,
729 890 887 965 prratuor
898 882 1079 960 numero,
1103 877 1346 969 Menippum,
1373 875 1638 971 grammaticae
1653 871 1741 966 artis
1758 885 1798 937 et
1817 868 2054 959 disciplinae

640 1000 844 1071 rhetoricae
867 1000 1151 1091 peritissimum,
1175 1002 1435 1095 aegialaeum,
1457 1002 1687 1071 archiatrum
1712 994 1971 1089 praenobilem
2003 1007 2053 1059 et

641 1126 773 1201 litteris
793 1128 963 1217 apprime
984 1128 1194 1211 eruditum,
1223 1129 1420 1224 Claudiurn
1443 1146 1483 1197 et
1505 1126 1752 1205 Cleobulunr,
1782 1121 1872 1190 duos
1893 1121 2050 1203 iratres,

641 1242 813 1347 egrdgios
839 1254 1007 1323 rhetores
1018 1253 1083 1340 76).
1137 1255 1279 1346 Quibus
1298 1254 1483 1325 iudicibus
1497 1252 1791 1347 praesidentibus
1817 1249 1942 1342 agitur
1964 1266 2045 1315 res.

641 1380 683 1450 ln
709 1380 777 1447 bac
808 1382 919 1471 priori
946 1381 1198 1473 disputatione
1217 1382 1262 1449 ab
1287 1384 1467 1451 Archelao
1483 1397 1525 1450 et
1553 1378 1769 1450 Manichaei
1795 1375 1964 1445 doctrina
1987 1371 2048 1442 de

642 1504 821 1575 dualitate
855 1507 1063 1593 relellitur,
1103 1522 1142 1575 et
1165 1506 1434 1577 Manichaenm
1472 1506 1762 1597 haudqttaquam
1805 1500 2044 1595 paracletum

637 1654 738 1715 esse,
783 1636 891 1719 cujus
919 1632 1097 1725 speciem
1119 1654 1209 1724 praa
1234 1656 1272 1703 se
1300 1635 1461 1719 ferebat,
1500 1632 1719 1702 ostenditur.
1770 1628 2044 1722 Disputatione

643 1758 770 1843 linita,
806 1761 937 1828 Manes
956 1760 1109 1855 lugiens
1131 1759 1176 1827 ad
1200 1760 1321 1828 vicum
1351 1758 1539 1849 quendam
1568 1759 1687 1843 venit,
1720 1756 1834 1849 longe
1866 1755 1914 1823 ab
1938 1753 2042 1821 urbe

645 1884 801 1953 Caschar
825 1888 1003 1977 positum,
1041 1887 1105 1977 qui
1124 1882 1386 1979 appellabatur
1408 1886 1573 1956 Diodori.
1624 1886 1714 1953 Erat
1735 1898 1861 1950 autem
1883 1878 2040 1972 presby·

645 2026 701 2081 ter
720 2013 790 2083 loci
812 2012 914 2081 illius
944 2026 982 2082 et
1003 2014 1081 2105 ipse
1108 2017 1263 2082 nomine
1281 2013 1480 2083 Diodorus.
1532 2013 1713 2105 Quicum
1729 2012 1921 2079 Manetem
1944 2028 2038 2096 quo-

608 2128 614 2139 ’
643 2135 727 2207 darn
754 2138 813 2208 die
838 2140 946 2209 turha
977 2154 1198 2235 congregata
1219 2140 1503 2209 concionantem
1521 2154 1560 2208 et
1583 2139 1724 2231 populo
1749 2132 2035 2228 persuadentem

644 2262 806 2347 videret,
842 2266 1037 2357 epistolam
1068 2266 1170 2335 misit
1205 2265 1252 2333 ad
1275 2267 1518 2350 Archelaum,
1549 2268 1798 2338 sciscitaturus
1832 2260 1927 2353 quid
1958 2258 2036 2355 sibi

645 2390 712 2463 bac
740 2413 866 2459 rerum
889 2392 1102 2461 conditione
1117 2390 1307 2485 agendum
1332 2406 1438 2464 esset.
1490 2394 1699 2465 sciscitatus
1725 2406 1779 2459 est
1799 2389 2037 2481 potissimum

648 2516 693 2585 de
716 2517 874 2585 Manetis
895 2519 1174 2607 iactationaw),
1216 2519 1340 2612 legem
1365 2521 1481 2590 Musis
1509 2542 1584 2589 nou
1616 2519 1791 2589 esso'dei
1821 2516 1932 2599 boni,
1970 2513 2036 2583 sed

649 2644 805 2735 maligni
832 2642 1028 2735 principis,
1069 2664 1140 2711 nec
1169 2642 1306 2713 babere
1334 2668 1418 2715 eam
1450 2647 1657 2738 quidquam
1688 2645 1919 2741 cognationis
1949 2664 2033 2711 cum

648 2788 741 2837 nova
766 2769 849 2862 lege
867 2769 1023 2853 Christi,
1055 2769 1118 2839 sed
1141 2792 1219 2839 esse
1244 2755 1465 2842 contrariam
1491 2790 1531 2846 et
1554 2776 1766 2857 inimicam,
1800 2771 1955 2839 alteram
1982 2766 2037 2836 al·

644 2894 718 2961 teri
739 2894 993 2965 obsistentem
1040 2898 1402 2988 Quatnnpiuiouem
1423 2900 1628 2969 Archelaus
1644 2900 1684 2968 in
1711 2897 1966 2989 responsione,
1991 2892 2038 2961 ad

647 3017 852 3088 Diodorum
881 3022 982 3108 data,
1012 3022 1158 3093 refellit.
1212 3021 1308 3111 Sed,
1340 3024 1598 3114 presbyterum
1623 3026 1843 3093 Manichaeo
1865 3023 1905 3091 in
1929 3019 2038 3089 disse·

647 3144 762 3213 rendo
784 3146 943 3217 minime
969 3173 1098 3241 parem
1131 3173 1231 3236 esse,
1262 3154 1376 3245 probe
1410 3155 1525 3223 sciens
1556 3151 1603 3219 ad
1639 3151 1838 3219 secundam
1875 3149 2039 3240 disputa·

649 3273 788 3341 tionem
823 3272 994 3358 advolat,
1029 3296 1099 3365 qua
1122 3278 1405 3363 Manichaeum,
1446 3279 1638 3348 Christum
1671 3278 1770 3346 haud
1807 3299 1939 3345 verum
1973 3278 2038 3347 ho·

649 3401 791 3467 minem
826 3417 947 3489 neque
984 3402 1152 3503 aMaria
1185 3425 1270 3474 vere
1303 3422 1434 3473 natum
1469 3428 1547 3473 esse
1578 3402 1867 3474 contendentem
1898 3403 2038 3475 iterum

649 3519 796 3595 refutat.
848 3530 926 3596 Hac
958 3526 1150 3619 posteriori
1183 3555 1332 3631 quoque
1358 3530 1608 3623 disputatione
1633 3530 1823 3613 absoluta,
1858 3534 2039 3623 quaedam

649 3650 840 3759 adduntur
869 3652 916 3723 de
943 3654 1093 3751 origine
1122 3632 1407 3727 Manichaeismi
1429 3680 1473 3727 ac
1497 3646 1545 3727 de
1567 3658 1651 3727 latis
1671 3660 1832 3729 Manetis
1856 3663 2041 3749 extremis.

655 3882 1111 3907 wan-m

713 4014 758 4096 ⁷⁶)
782 4016 847 4075 Act.
871 4018 951 4103 disp.
975 4040 1043 4101 cap·
1068 4027 1120 4089 12·

702 4152 760 4235 ,17)
781 4153 847 4217 Act.
868 4156 949 4239 disp·
972 4148 1037 4239 cap'.
1060 4162 1116 4225 40·
1200 4121 1204 4128 Ι
