4392 5559
1284 235 1314 323 6
1653 235 1658 243 n

920 354 927 361 ,
1006 344 1085 359 ιθ..
1120 348 1128 361 0
1255 348 1277 360 ι.
1332 346 1367 357 a·
1405 348 1412 355 ι
1452 346 1480 357 ι.
1534 344 1565 354 ιο
1735 342 1741 349 ·

1079 372 1085 379 ⁰
1187 372 1194 381 Ι
1281 370 1328 382 1¹
1415 366 1464 381 ¹³⁴
1519 367 1569 377 ¹0¹
1610 368 1640 377 οι

604 451 658 519 nil
696 462 817 515 tamen
859 444 928 515 nisi
963 444 1085 539 prima
1119 444 1332 519 rudimenta
1358 444 1566 515 ediderunt.
1615 448 1717 536 Quae
1739 447 1841 539 parvi
1866 447 2025 518 admo·

1898 354 2030 375 »O-·‘

604 578 695 647 dom
729 590 816 644 sunt
841 572 1036 655 momenti,
1066 573 1373 663 quandoquidem
1411 594 1524 664 pauca
1562 572 1823 641 tantummodo
1861 594 2021 641 eorum

560 720 581 737 “
604 708 811 797 fragmenta
837 712 996 767 aetatem
1022 698 1153 767 tulere.
1178 698 1382 767 *Eusebius
1410 694 1618 787 Pamphili,
1645 694 1710 784 qui
1735 696 1836 764 haud
1860 697 2020 793 imme·

606 834 682 907 rito·
707 841 809 920 pater
835 838 872 893 et
898 824 1066 893 conditor
1092 824 1266 892 historiae
1294 823 1554 892 ecclesiasticae
1586 822 1738 909 dicitnr,
1766 824 1909 915 primus
1930 848 2017 892 re-

607 980 691 1023 rnm
724 950 1022 1019 Christianarum
1056 972 1077 1016 e
1110 950 1339 1031 multifariis,
1367 973 1514 1020 summo
1545 948 1668 1019 studio
1704 950 1869 1042 undique
1905 974 2017 1021 ron·

607 1083 728 1179 gestis,
755 1096 867 1169 atque
893 1076 1011 1144 multa
1039 1074 1234 1167 diligentia
1262 1074 1494 1166 pertractatis
1517 1074 1683 1143 fontibus
1709 1075 1878 1146 haustam
1905 1101 2010 1147 con·

544 1211 547 1215 ’
605 1206 770 1279 cinnavit
804 1203 1005 1271 historiam.
1061 1199 1247 1285 Eandem,
1283 1217 1393 1295 qnam
1429 1202 1608 1273 Eusebius
1652 1204 1859 1287 mtrnierat,
1891 1204 2007 1270 viam

609 1332 761 1429 ingressi
783 1344 870 1398 sunt
900 1329 963 1420 qui
990 1313 1085 1397 'eum
1117 1341 1343 1417 exceperunt
1372 1327 1577 1418 scriptores.
1626 1316 1728 1407 inter
1753 1351 1844 1419 quos
1866 1333 2005 1399 Socra·

611 1482 685 1544 tes,
711 1462 937 1529 Sozomenus
971 1468 1010 1523 et
1034 1452 1313 1541 Theodomtns,
1330 1477 1506 1544 ,quntum
1535 1456 1653 1525 fontes
1674 1456 1777 1525 nobis
1796 1458 1869 1525 iam
1901 1477 2005 1524 enu-

609 1584 780 1659 merandi
808 1600 918 1673 atque
953 1578 1188 1651 examinandi
1216 1592 1321 1664 sunt,
1349 1581 1512 1671 primum
1550 1582 1673 1650 lomim
1712 1596 1876 1650 tuentur.
1933 1584 2003 1653 De

609 1711 757 1785 Eusebii
789 1709 937 1800 quidem
961 1707 1123 1775 fontibus
1150 1706 1502 1775 commentationem
1528 1729 1549 1774 a
1571 1708 1774 1790 Kestnero,
1801 1710 1879 1777 viro
1905 1710 1993 1808 dot:-⁴

612 1840 773 1919 tissima,
823 1843 925 1903 irunt:
970 1834 1115 1917 beato,
1148 1840 1342 1901 tractatam
1388 1832 1575 1921 laudeque
1613 1850 1828 1903 coronatam
1872 1837 2010 1909 video„

611 1970 758 2037 Hancce
784 1986 868 2033 vero
896 1960 941 2033 de
967 1958 1354 2043 Socratis,Soaomeni
1376 1974 1415 2029 et
1440 1959 1665 2031 Theodoreti
1693 1961 1857 2032 fontibus
1879 1986 1995 2053 quae·

611 2096 792 2175 saionem,
820 2104 997 2179 tanquam
1019 2085 1133 2165 illins¹
1152 2084 1491 2169 continuationem,
1521 2087 1750 2169 tractandam
1774 2109 1840 2169 nos
1862 2110 1992 2183 aggre-

611 2221 766 2288 diamur.
818 2216 887 2285 Cui
918 2236 968 2283 an
1000 2234 1066 2305 par
1099 2191 1191 2295 sim,
1226 2210 1366 2303 quippe
1399 2210 1466 2303 qui
1495 2233 1517 2281 e
1549 2210 1840 2304 Philologornm,
1857 2213 1989 2285 scholis

611 2346 730 2425 modo¹
748 2362 915 2438 egressus
941 2338 987 2407 ad
1014 2360 1140 2411 rerum
1165 2337 1375 2427 divinarum
1408 2338 1535 2421 studia·
1555 2339 1723 2409 annnam
1751 2338 1901 2414 vixdum
1927 2366 1990 2435 ap·

612 2471 795 2563 polerim‚
827 2464 965 2535 dubito.
1071 2525 1075 2540 ,

713 2720 921 2806 Antequam
959 2670 1046 2785 vero
1079 2712 1124 2783 ad
1160 2714 1278 2807 ipsam
1306 2717 1411 2787 iiiam
1445 2716 1696 2807 quaestionem
1722 2738 1788 2786 nos
1822 2672 2000 2817 accinpn.⁴

612 2866 712 2927 ntus,
744 2866 853 2933 quarn
894 2840 1120 2933 paucissimis
1154 2854 1192 2909 et
1229 2841 1276 2911 de
1318 2843 1492 2913 historica
1520 2842 1695 2925 SocratiS,
1723 2842 1918 2927 Sozomerti
1949 2874 1990 2919 ac

612 2970 839 3039 Theodoreti
872 2967 1002 3039 indole
1038 2967 1289 3052 monendum,
1327 2983 1380 3055 ¹et⁴
1412 2970 1621 3059 quemlibet
1662 2992 1792 3039 eorum
1835 2975 1989 3044 seorsim

611 3102 813 3188 scripsisse,
839 3119 960 3185 neque
986 3092 1105 3167 aliurn
1129 3094 1222 3163 aiios
1247 3094 1443 3187 enpiiasse,
1470 3092 1702 3187 probandum
1727 3108 1791 3165 est.
1840 3099 1989 3169 Etenim

610 3227 639 3293 si
678 3242 807 3289 eornm
838 3218 1001 3303 indolem
1038 3219 1250 3293 historicam
1283 3234 1512 3310 perspectam
1544 3222 1699 3307 habeas,
1730 3244 1753 3290 e
1787 3223 1989 3315 cuiusmodi

611 3347 839 3440 potissimum
866 3341 1047 3425 fontibus,
1070 3356 1108 3409 et
1134 3344 1319 3434 quomodo
1342 3368 1391 3425 ex
1424 3345 1701 3434 assenserint,
1726 3354 1993 3423 mentesanii-

612 3477 702 3553 cies,
729 3468 1019 3555 coniectumque
1037 3488 1103 3555 per
1126 3468 1272 3562 singula
1294 3473 1538 3560 ‚confirmabis
1565 3474 1718 3547 facilins.
1775 3476 1858 3543 Hoc
1891 3498 1991 3547 acce·

610 3600 681 3681 dit,
716 3596 811 3687 qnod
846 3594 970 3703 multp
1002 3614 1066 3661 sua
1097 3608 1216 3663 aetate
1241 3611 1361 3690 gesta,
1385 3620 1462 3667 non
1489 3620 1533 3670 ex
1560 3600 1641 3669 aliis
1663 3600 1827 3671 fontibus
1851 3601 1991 3692 heusta,

610 3726 672 3793 sed
709 3744 869 3814 quorum
915 3712 987 3811 ipsi
1028 3719 1141 3815 primi
1180 3721 1345 3817 existent
1373 3740 1572 3817 primores,
1606 3725 1839 3795 tradiderint.
1897 3731 1993 3799 Cum

611 3876 696 3922 vero
723 3872 796 3917 non
826 3848 871 3915 de
899 3827 1076 3928 Socratis,
1103 3848 1298 3917 Sozomeni
1323 3865 1435 3941 atque
1460 3850 1687 3921 Theodoreti
1713 3852 1787 3921 srd'e
1809 3852 1994 3942 historica,

612 3976 673 4049 sed
707 3975 754 4043 de
788 3973 948 4045 iontiunt
981 3972 1246 4061 tantummodo
1281 3974 1503 4072 integritate
1548 3994 1589 4048 et
1627 3976 1844 4051 auctoritate
1883 3982 1993 4051 nobis

560 4164 563 4171 ,
612 4102 801 4199 agendum
824 4102 894 4211 sit,
917 4101 1050 4189 quanti
1072 4098 1223 4169 illarum
1248 4119 1397 4187 rernm,
1422 4124 1517 4194 quae
1538 4126 1666 4175 eorum
1694 4107 1892 4199 praecipue
1904 4128 1992 4176 auc·
