4392 5559
806 1179 873 1251 oa
1626 1234 1629 1240 .

146 1256 402 1417 rounaus,
430 1304 599 1397 ournus
625 1306 881 1391 sosarmo,
909 1302 1196 1375 sozotrauus
1221 1305 1287 1373 ar
1315 1303 1540 1379 Turono-

232 1430 390 1517 unrus
414 1434 466 1503 ru
492 1432 761 1519 scuranum
787 1432 1012 1513 arsroara
1038 1432 1189 1501 sacru
1215 1431 1289 1501 nst
1312 1429 1458 1520 auur,

365 1638 368 1646 ,
455 1586 458 1592 ·
498 1559 747 1643 snruucra
775 1559 951 1631 nouum
973 1558 1184 1637 arteman
1271 1645 1275 1652 ,

638 1784 1047 1813 m*-

149 1899 406 2093 A'ntequam
426 1998 472 2071 ad
502 2000 620 2098 ipsam
648 2030 727 2077 rem
751 2002 984 2085 accedamus,
1003 2001 1057 2074 'in
1082 1983 1315 2088 uniuersum,
1345 2004 1394 2070 ne
1422 2000 1534 2072 dubia

148 2142 262 2219 atque
301 2150 392 2225 vaga
431 2120 581 2202 oberret
620 2126 804 2227 quaestio,
848 2130 1016 2202 historici
1047 2130 1161 2199 fontis
1197 2130 1300 2198 notio
1331 2131 1535 2202 accuratius

148 2250 389 2325 describenda
413 2254 543 2343 estffl).
589 2257 792 2329 Historicus
824 2258 905 2328 lons
932 2258 1015 2328 iure
1039 2258 1251 2347 meritoque
1275 2258 1535 2329 tantummodo

150 2397 322 2454 censetur
351 2382 400 2472 is,
437 2374 528 2476 qui,
552 2384 657 2456 cuius
688 2386 743 2456 rei
768 2400 823 2455 est
849 2398 997 2470 auctor,
1036 2382 1203 2453 eiusdem
1231 2406 1357 2453 veram
1387 2407 1532 2455 accura-

146 2532 302 2603 tamque
331 2508 504 2581 notitiam
537 2510 618 2581 sire·
641 2530 767 2581 revera
793 2510 946 2595 habuit,
985 2510 1063 2580 sire
1088 2510 1220 2580 saltem
1240 2511 1379 2583 habere
1400 2516 1534 2605 potuit.

147 2642 312 2732 ideoque
331 2620 469 2723 lamae,
502 2637 723 2730 permultos
743 2661 860 2709 annos
881 2638 1080 2711 homiuum
1099 2662 1163 2711 ore
1180 2640 1434 2726 circumlatae,
1456 2667 1535 2713 mo·

148 2770 205 2839 do'
221 2762 372 2854 auctae,
389 2765 502 2837 modo
521 2766 762 2851 immutatae,
795 2764 833 2835 et
853 2764 944 2836 sero‘
957 2764 1109 2835 tandem
1129 2746 1265 2837 litteris
1282 2768 1395 2854 lixae,
1427 2767 1537 2841 sicuti
1670 2814 1675 2822 -

146 2898 302 2971 cuilibet
329 2890 556 2967 inconstanti
593 2890 809 2991 traditioni,
876 2916 970 2984 quae
1005 2894 1110 2963 haud
1153 2894 1271 2964 firmis
1315 2894 1535 2985 quibusdam

146 3024 302 3096 fulcitur
330 3020 599 3101 fundamentis,
629 3015 783 3088 nullum
805 3016 875 3090 hac
896 3021 937 3089 in
957 3043 1003 3089 re
1023 3036 1078 3089 est
1103 2988 1354 3090 momentum.
1404 3022 1536 3114 ltaque

148 3120 332 3220 eiusmodi
365 3144 599 3243 traditiones,
639 3163 735 3233 quaa
775 3142 876 3235 apud
913 3158 1056 3237 nostros
1091 3144 1291 3243 leguntur,
1332 3164 1418 3212 cum
1459 3170 1535 3217 non

149 3248 318 3348 nostrum
344 3272 394 3343 sit
419 3278 609 3354 excutere,
648 3268 762 3339 seculi
793 3270 916 3361 quarti
950 3270 1143 3354 historiam
1176 3270 1457 3343 ecclesiasticam
1494 3272 1535 3342 iu

149 3407 366 3477 universum
386 3395 617 3469 tractantibu
648 3395 900 3489 permittimus
921 3395 1172 3469 excutiendas.
1225 3398 1446 3489 Quanquam
1477 3420 1536 3469 res

148 3549 276 3631 gestae
310 3527 505 3600 tradantur
540 3524 624 3595 sira
651 3523 698 3594 ab
731 3524 966 3634 aequalibus,
1003 3524 1086 3615 qui,
1129 3522 1227 3615 qnod
1249 3547 1440 3595 summum
1480 3540 1536 3595 est

148 3660 238 3751 iidei
258 3657 457 3729 historicae
474 3653 761 3736 documentum,
786 3652 827 3719 in
842 3651 907 3722 illo
922 3649 1002 3743 ipso
1014 3650 1115 3736 loco,
1137 3674 1211 3743 quo
1228 3652 1453 3745 gerebantur
1466 3675 1535 3740 res,
1602 3665 1604 3674 ·

156 3851 716 3882 W

210 3988 262 4072 θ’).
276 3988 362 4052 Vide
381 4006 462 4070 qaae
480 3985 520 4047 de
535 3984 595 4047 han
609 4006 644 4051 ra
659 3986 754 4051 docta
769 3998 804 4051 et
817 3986 1046 4065 circumspecta
1060 3981 1233 4063 disputarit
1247 3979 1363 4041 walch
1382 3982 1419 4041 in
1437 3978 1535 4042 dano

272 4101 404 4165 libello:
436 4094 607 4165 Kritisclu
629 4096 893 4163 Nochriehtuan
915 4096 978 4158 ders
997 4092 1135 4181 Queilen
1156 4094 1219 4158 der
1239 4089 1535 4161 Kirclrerrlu'uort'e·

272 4210 460 4293 &ssufi

1243 4313 1306 4399 5*
