4392 5559
1207 301 1497 392 ..„..

665 507 735 581 sea
758 506 827 575 hac
852 503 893 571 in
918 525 959 572 re
985 500 1057 570 viri
1083 501 1181 573 docti
1200 500 1304 571 haud
1326 499 1438 570 dubie
1454 499 1628 571 licentius
1650 498 1784 569 versati
1807 513 1905 571 sunt.
1955 500 2084 573 Nam

669 631 857 728 quomodo
888 630 1038 697 tandem
1065 626 1286 695 Athanasius
1316 626 1520 695 ementitus
1543 644 1620 693 esse
1650 640 1771 715 potest
1801 648 1905 711 retn,
1942 646 2091 719 quam

668 762 780 835 multi
814 758 877 827 alii
918 768 1067 845 praeter
1103 775 1193 821 eum
1227 752 1383 823 tradunt
1400 753 1480 839 ¹¹⁶),
1523 753 1701 843 cuiusque
1730 754 1953 823 memoriam
1997 773 2089 821 sua

670 888 875 959 etiamnum
902 896 1022 949 aetate
1048 895 1229 949 servatam
1258 880 1411 969 lateque
1435 900 1598 972 sparsam
1625 877 1787 947 Socrates
1810 894 1924 969 atque
1945 879 2085 951 Sozo-

671 1032 801 1082 menos
825 1022 999 1075 asserunt.
1051 1006 1163 1073 Porro
1184 1006 1405 1073 Athanasius
1432 1005 1534 1073 illius
1555 1005 1611 1073 rei
1636 1006 1824 1075 oculatum
1847 1022 1983 1077 testem
2016 1007 2084 1075 af·

670 1141 760 1222 fert,
792 1135 997 1203 Macarium
1029 1132 1166 1199 scilicet
1187 1132 1466 1221 presbyterum,
1489 1130 1554 1220 qui
1573 1130 1642 1199 illo
1663 1144 1855 1223 tempore,
1884 1156 1960 1223 quo
1976 1134 2082 1201 Ari·

671 1286 714 1333 us
739 1262 849 1343 obiit,
878 1256 1198 1346 Constantinopoli
1221 1271 1525 1325 commoraretur.
1575 1258 1659 1325 Non
1683 1258 1802 1352 igitur
1824 1281 1846 1328 e
1872 1260 1984 1329 dubia
2012 1261 2080 1327 fa·

673 1412 754 1473 ma,
785 1386 850 1455 sed
881 1399 1025 1453 eccrto
1055 1384 1159 1450 ionte
1188 1404 1267 1449 rem
1290 1382 1463 1451 haustam
1488 1381 1652 1453 tradidit.
1700 1390 1824 1476 Atque
1848 1388 1951 1477 quod
1982 1386 2077 1455 iam

673 1537 783 1609 supra
812 1512 988 1596 diximus,
1017 1508 1259 1579 Athanasium
1292 1528 1370 1576 non
1404 1506 1495 1577 adeo
1520 1510 1651 1581 Arium
1676 1511 1829 1603 eiusque
1861 1526 2077 1584 sectatores

674 1648 795 1736 ipsos,
826 1662 957 1709 verum
984 1637 1106 1727 potius
1129 1656 1262 1702 eorum
1284 1632 1492 1705 doctrinam
1514 1636 1602 1708 odio
1624 1638 1814 1730 persequi,
1839 1638 1880 1707 id
1903 1638 1976 1709 hoc
2002 1622 2074 1708 lti-

677 1792 718 1840 co
742 1766 919 1859 probatur
946 1762 1106 1857 egregie.
1155 1760 1214 1827 De
1239 1774 1360 1829 morte
1382 1761 1461 1828 Arii
1486 1765 1711 1853 perscribere
1739 1764 1805 1835 diu
1824 1766 1969 1852 animo,
1994 1765 2072 1851 ait,

675 1916 752 1964 sese
777 1888 988 1971 haesitasse,
1011 1887 1206 1956 timentem
1231 1885 1279 1974 μὴ
1304 1883 1347 1966 ὡς
1373 1889 1609 1975 ἐπεμβαίνοντὰ
1630 1896 1674 1980 με’
1695 1920 1745 1974 τις
1769 1895 1817 1984 τῷ
1836 1888 1978 1982 θανάτῳ
1999 1888 2073 1959 τοῦ

677 2014 860 2111 ἀνθρώπου
885 2016 1057 2103 λογίσηται
1074 2010 1155 2097 1¹⁷).
1205 2010 1309 2079 Talia
1338 2013 1578 2101 profitentem
1603 2017 1847 2087 Athanasium
1877 2016 2071 2088 mendacii

677 2164 864 2231 accusare,
900 2140 1023 2231 ecquis
1050 2134 1266 2211 sustinebit?
1318 2134 1426 2225 Quod
1450 2158 1538 2209 vero
1562 2139 1609 2211 de
1630 2157 1752 2213 morte
1774 2142 1854 2213 Arii
1878 2142 1980 2214 addit
2002 2146 2069 2215 iu·

1170 2353 1235 2371 -

806 2464 862 2523 lv.
890 2460 924 2523 S.
942 2467 993 2529 83.
1038 2460 1183 2559 ¹[leodem
1209 2468 1402 2529 sententiam
1422 2467 1608 2533 Beansobre
1633 2488 1758 2551 quoque
1785 2472 1984 2553 amplexatus
2014 2488 2066 2537 est

806 2568 964 2629 Biblioth.
985 2587 1084 2649 germ.
1106 2580 1186 2635 tom.
1205 2579 1258 2641 39.
1281 2596 1353 2659 pag.
1369 2583 1423 2645 37.

727 2708 787 2790 ¹²⁶)
808 2706 941 2767 Praeter
962 2704 1171 2768 Athanasium
1191 2710 1229 2769 in
1249 2710 1310 2771 bac
1339 2714 1474 2792 epistola
1501 2718 1543 2778 ad
1565 2717 1776 2800 Serapionem
1802 2734 1836 2783 et
1858 2724 1895 2785 ln
1922 2723 2061 2803 epistola
2181 2739 2183 2764 ³

806 2817 848 2879 ed
868 2816 1028 2895 episcopos
1046 2818 1190 2895 Aegypti
1211 2830 1244 2878 et
1264 2819 1389 2899 Libyae
1411 2844 1477 2905 cap.
1501 2833 1551 2895 19.
1573 2828 1668 2909 Oper.
1689 2832 1807 2893 tomi.
1826 2853 1897 2915 pag.
1917 2838 1992 2903 289.
2012 2847 2062 2895 at·
2180 2891 2181 2894 ,

680 2992 684 3005 .
808 2946 872 3007 que
892 2940 1015 2987 nostros
1039 2939 1185 2986 auctores
1206 2926 1375 3003 (Socrates
1397 2934 1473 2994 libr.
1488 2936 1513 2996 I.
1536 2956 1604 3017 cap.
1619 2946 1673 3005 38.
1719 2942 1970 3006 Sozom.libr.I.
1991 2962 2062 3024 cap.
2180 2949 2181 2980 l

806 3042 862 3103 29.
884 3042 936 3102 30.
980 3035 1177 3097 Tboodorst.
1203 3038 1289 3101 Hist.
1310 3044 1421 3103 eccles.
1444 3044 1517 3105 libr.
1538 3046 1563 3105 I.
1592 3068 1658 3128 cap.
1682 3056 1735 3116 15.
1777 3050 1891 3113 Fabul.
1913 3052 2065 3117 haeretic.

808 3146 882 3207 libr.
905 3146 959 3205 lV.
984 3166 1049 3225 cap.
1074 3154 1103 3213 1.
1124 3160 1156 3208 et
1179 3150 1322 3212 Daritis
1347 3165 1425 3233 patr.
1449 3174 1516 3233 cap.
1539 3156 1594 3234 1.)
1626 3158 1667 3217 de
1686 3172 1790 3221 morte
1811 3164 1882 3225 Arii
1912 3182 2068 3244 exposue-

807 3266 885 3315 runt
906 3254 1037 3335 Gregor.
1058 3255 1211 3319 Nazianz.
1233 3261 1321 3323 Orat·
1344 3262 1460 3323 XXIII.
1484 3265 1574 3344 Oper
1594 3276 1675 3329 tom.
1699 3270 1725 3329 1.
1746 3289 1817 3352 pag.
1838 3275 1912 3341 415.
1934 3304 1978 3319 ·-
1997 3276 2065 3337 Ru·

809 3358 894 3421 finus
921 3362 1004 3424 Hist.
1037 3366 1151 3428 eccles.
1179 3368 1253 3428 libr.
1275 3370 1300 3431 Ι.
1329 3390 1397 3452 cap.
1422 3378 1471 3440 13.
1491 3405 1534 3421 -
1561 3373 1747 3438 Ambrosius
1769 3380 1820 3441 De
1849 3380 1916 3445 fide
1944 3384 2016 3445 libr.
2035 3386 2062 3445 l.

813 3490 882 3550 cap.
904 3478 932 3538 9.
955 3504 995 3519 -
1018 3474 1226 3538 Marcellinus
1255 3490 1288 3538 et
1308 3480 1445 3541 Faustus
1472 3482 1509 3541 in
1536 3483 1650 3543 libello
1678 3505 1811 3565 precum
1838 3492 1879 3551 ad
1902 3494 2064 3559 Theodos.

813 3580 909 3659 Oper.
932 3580 1093 3646 sirmondi
1116 3599 1194 3646 tom.
1216 3588 1240 3646 I.
1262 3608 1292 3668 p.
1316 3595 1388 3656 138.
1408 3624 1452 3637 -
1473 3590 1634 3671 Epiphan.
1653 3596 1784 3658 Haeret.
1806 3600 1917 3665 tm
1961 3609 1990 3685 §.
2013 3614 2065 3675 10.

731 3718 791 3799 ¹¹⁷)
813 3717 887 3777 Pari
909 3718 1005 3776 modo
1025 3720 1105 3779 dicit
1125 3720 1165 3780 de
1184 3726 1252 3783 Arii
1273 3739 1377 3785 morte
1400 3731 1598 3805 exposituros
1619 3734 1655 3792 in
1673 3736 1762 3813 epist.
1784 3740 1825 3799 ad
1842 3744 1935 3819 episc.
1944 3744 2065 3825 Aegyp.
2176 3757 2177 3778 .

813 3840 845 3888 et
865 3826 991 3907 Libyae
1012 3828 1074 3891 l.l.
1097 3830 1192 3889 Πᾶσι
1212 3827 1272 3911 μὲν
1293 3829 1354 3893 οὖν
1379 3831 1572 3921 ἀνθρώποις
1592 3840 1701 3904 solvor·
1727 3852 1791 3906 τοῦ
1820 3847 1896 3928 βίον
1922 3851 2065 3926 τίλοςό

814 3934 966 4009 bondeno
983 3934 1071 4010 dori,
1102 3935 1161 3999 eol
1188 3938 1228 3999 οὗ
1257 3938 1306 4004 tet
1325 3939 1422 4016 τίνας
1442 3944 1664 4027 ἐπεμβαίνειν,
1690 3950 1755 4017 adr
1774 3957 1891 4042 Ιχθρδς
1917 3959 1940 4044 ᾗ
1967 3964 1986 4023 ὁ
2013 3986 2069 4027 τε.
2175 3939 2177 4058 l

812 4039 992 4121 λευτὴσας,
1036 4044 1162 4120 ἀδήλου
1189 4043 1288 4125 ὄντος
1315 4048 1358 4133 μὴ
1385 4048 1444 4125 ἕως
1468 4052 1605 4154 lantper
1639 4059 1697 4123 aot
1726 4064 1850 4145 αὐτούς
1877 4074 1983 4133 τοῦτο
2011 4094 2070 4133 sa-
2174 4155 2176 4274 p

688 4153 698 4233 l
815 4146 961 4236 ταλὰβῃ.
