4392 5559
654 330 960 469 {st—⁴

87 584 325 672 probatam,
371 580 543 653 laudibus
575 584 769 655 extollere.
823 589 925 677 Quae
958 582 1018 655 vix
1055 582 1156 653 inter
1186 606 1262 655 sese
1292 586 1507 657 concinnari

96 732 217 799 posse
252 707 434 791 videntur.
485 710 562 777 lam
593 732 678 779 vero
712 734 755 779 ex
773 711 966 781 Mansonis
998 712 1178 779 sententia
1209 712 1250 779 in
1283 715 1434 804 epistola
1462 718 1505 782 ad

94 832 379 903 Alexandrinos
405 832 649 905 Constantino
686 837 739 905 nil
778 837 941 927 amplius
976 835 1219 903 tribuendum
1259 860 1355 922 esse,
1393 862 1505 929 quam

57 1002 63 1009 -
95 960 210 1049 quod
237 960 442 1031 doctrinam
465 962 665 1032 Nicaenam
689 960 986 1031 commendatam
1015 963 1170 1029 omnino
1193 963 1373 1049 voluerit,
1406 981 1503 1035 cete·

94 1108 145 1153 ra
180 1110 267 1159 vero
293 1088 420 1157 omnia
450 1088 495 1155 ab
522 1087 724 1179 episcopis,
765 1086 974 1157 Alexandro
1006 1087 1176 1177 episcopo
1208 1090 1504 1204 suffragantibus,

96 1214 287 1303 prolecta,
314 1212 552 1314 statuendum
577 1228 640 1283 est.
694 1206 763 1283 Sed
794 1212 839 1279 de
867 1212 980 1279 altera
1010 1234 1156 1301 qrtoqne
1181 1214 1333 1302 epistola
1360 1237 1503 1292 contra·

93 1337 159 1405 ria
183 1337 229 1405 ad
256 1338 510 1409 Alexandrum
539 1356 651 1431 atque
677 1338 807 1409 Arium
831 1338 930 1405 idem
962 1338 1032 1404 hoc
1062 1351 1273 1407 statuerunt
1300 1342 1368 1411 viri
1396 1346 1501 1419 docti.

94 1466 303 1535 Severinus
329 1466 455 1535 Binius
479 1468 529 1559 8⁷)
567 1466 790 1535 alterutrum
820 1465 871 1533 ait
904 1460 1143 1531 statuendum
1181 1486 1275 1548 esse,
1310 1472 1367 1536 vel
1400 1478 1500 1563 quod

92 1592 322 1679 Eussebius,
357 1594 512 1661 Arianus
542 1592 674 1677 ltomo,
709 1614 841 1683 parurn
870 1568 1153 1658 fideliter'lranc
1183 1592 1376 1683 epistolam
1404 1603 1501 1669 Con·

66 1714 260 1785 'stantini
287 1718 536 1809 descripserit,
569 1718 846 1806 attexueritque
870 1716 968 1785 illius
992 1715 1106 1801 vitae,
1142 1742 1254 1806 quam
1277 1722 1317 1789 in
1344 1729 1500 1816 gratiam

95 1844 311 1911 Constantii
338 1843 512 1937 Augusti,
544 1843 681 1933 pariter
710 1842 857 1925 Ariani,
895 1844 1166 1935 conscripserit,
1207 1870 1249 1915 ac
1272 1852 1426 1939 perinde
1456 1879 1498 1923 ea

95 1970 265 2038 minime
289 1970 399 2064 digna
427 1982 529 2037 tanto
556 1968 730 2059 pontifice
757 1968 802 2036 ab
829 1992 872 2038 eo
895 1971 1025 2037 iactata
1049 1973 1287 2060 confinxerit,
1322 1978 1378 2042 vel
1405 1978 1498 2049 illud

91 2100 307 2167 necessario
344 2094 604 2165 affirmandum
642 2118 738 2185 esse,
783 2110 1048 2190 argumentum
1089 2093 1191 2164 illius
1220 2100 1496 2189 suppeditatum

92 2252 182 2297 esse
204 2227 249 2295 ab
272 2223 451 2305 Eusebi0,
478 2222 643 2290 eiusdem
673 2222 828 2291 civitatis
855 2223 1042 2315 episcopo,
1078 2224 1249 2293 omnium
1276 2229 1494 2301 atrianorum

93 2352 209 2420 lacile
236 2350 415 2443 principe.
467 2326 608 2415 Ve'rum
638 2348 801 2437 quamvis
828 2350 1098 2440 episcoporum,
1125 2365 1162 2418 et
1176 2352 1253 2419 Arii
1276 2350 1494 2441 doctrinam,

95 2492 141 2543 et
169 2476 371 2545 Nicaenam
406 2474 519 2543 iidem
555 2474 793 2559 sectantium,
833 2475 1029 2543 auctoritas
1064 2476 1295 2546 Constantini
1327 2484 1495 2555 aninmm

93 2602 205 2669 hand
231 2624 310 2671 raro
338 2618 503 2697 regeret,
542 2602 624 2670 illas
655 2600 825 2692 epistolas
850 2602 1044 2691 utriusque
1077 2604 1193 2693 'partis
1223 2606 1399 2699 episcopis
1429 2612 1491 2679 tri·

95 2734 220 2797 buere
245 2752 289 2797 eo
314 2728 485 2797 licentius
514 2727 676 2811 videtur,
710 2726 1010 2817 quandoquidem
1038 2730 1345 2819 Constantinum,
1375 2744 1495 2812 nemi.

96 2882 152 2926 ne
177 2858 376 2951 instigante
402 2854 474 2923 nisi
505 2877 630 2943 rerum
661 2838 892 2939 conditione,
931 2858 982 2922 ita
1006 2878 1133 2949 revera
1158 2859 1340 2949 scripsisse
1374 2864 1493 2937 haud·

96 3006 292 3073 qtaaquam
322 2984 500 3067 absonum
529 2997 584 3050 est
607 2979 781 3049 iudicare.
833 2982 985 3049 Etenim
1013 2983 1180 3071 quamvis
1202 2985 1290 3053 illae
1316 2991 1492 3079 epistolae

98 3110 372 3179 diversissimae
396 3108 487 3191 sint,
515 3109 559 3193 ,in
583 3128 626 3175 eo
649 3120 773 3175 tamen
799 3108 929 3173 ambae
952 3122 1178 3199 congruunt,
1212 3112 1307 3200 quod
1330 3114 1489 3206 impera.

95 3254 179 3321 tor,
205 3234 313 3305 sicuti
335 3234 571 3305 inomnibus
594 3230 779 3301 Ecclesiae
803 3228 958 3299 dissidiis
980 3232 1099 3300 tacere
1126 3237 1385 3325 constamine-8)
1411 3242 1487 3313 1111.

156 3560 205 3641 ³²)
228 3562 267 3621 ln
289 3558 373 3619 notit
395 3575 433 3615 ac
453 3554 541 3617 hane
564 3549 735 3631 epistolam
760 3550 794 3611 in
814 3548 919 3627 Menai
940 3546 1074 3611 Collect.
1097 3552 1217 3613 concil.
1241 3567 1318 3617 tom.
1338 3560 1396 3621 ΙΙΙ.
1420 3582 1487 3645 pag.

225 3672 301 3737 945.
345 3666 442 3725 Binio
465 3665 687 3724 assentiuntur
702 3658 880 3729 Batonius,
903 3658 1138 3731 Montlaucon‚
1170 3661 1369 3737 Tillemont,
1399 3671 1488 3731 Hen-

226 3777 335 3837 sclsen.
381 3774 431 3833 ct.
454 3770 592 3834 Travasa
625 3770 729 3829 Storia
756 3769 824 3827 crit.
851 3768 1030 3829 dettavtn
1060 3770 1095 3830 di
1118 3773 1195 3831 Ario
1235 3792 1306 3851 pag.
1328 3782 1398 3839 152.
1422 3798 1486 3857 sqq,

227 3886 358 3947 Ceilliar
375 3882 519 3963 Histoire
536 3858 749 3941 detautears.
771 3891 851 3939 tom.
867 3880 1014 3960 ‚ll-pag,
1034 3886 1110 3952 104.
1128 3887 1255 3949 et157.
1298 3884 1487 3947 Weismann

228 3994 412 4057 Memorab.
433 3992 476 4056 ll.
499 3993 534 4051 Ε.
557 4005 637 4051 tom.
660 3990 685 4049 l.
707 4004 774 4067 pag·
794 3994 876 4055 378,
943 4026 945 4036 =
1019 4008 1023 4017 '
1116 4068 1120 4077 .

165 4108 213 4189 ⁸⁸)
236 4108 307 4185 Qua
327 4106 369 4165 de
389 4122 425 4163 ra
447 4102 563 4163 Mansa
584 4104 620 4163 in
644 4099 728 4159 libro
750 4096 994 4199 supralaudato
1016 4119 1086 4181 pag.
1097 4106 1177 4169 101.
1199 4104 1329 4181 egregie
1348 4104 1411 4169 ite:
1442 4104 1486 4165 In

226 4218 291 4278 olle
319 4218 407 4286 dem,
446 4230 516 4273 was
533 4206 741 4275 Konstantia
772 4228 835 4271 zur
857 4202 1041 4289 Beilagung
1070 4206 1362 4281 desArt'anisclren
1382 4208 1486 4273 Strei·

1253 4334 1279 4405 8
