4392 5559
1201 320 1495 411 ...32..

654 548 727 611 tur.
779 534 1136 631 Quanqusmplurs·
1155 530 1341 603 eiusmodi
1362 532 1552 625 exempla,
1578 531 1609 599 si
1630 530 1677 599 iis
1701 530 1804 623 opus'
1822 526 1938 615 esset,
1960 552 2065 622 pro·

616 646 619 651 Δ
655 666 746 737 ierri
778 676 943 756 possent,
977 660 1120 752 prolate
1153 670 1278 728 temen
1300 656 1493 729 sufficiant.
1542 657 1703 751 Quodsi
1728 659 1846 752 igitur
1871 660 2062 728 Sozome·

653 815 726 861 nus
749 812 794 861 ex
811 786 945 857 iisdem
969 784 1134 856 lontibus
1160 807 1270 875 quarn
1296 788 1460 856 Socrates
1488 785 1629 870 hausit,
1650 787 1706 854 nil
1729 787 1895 878 proiecto
1917 794 2064 863 restat,

655 917 754 1012 quod
780 937 802 983 e
823 919 972 997 Socrate
994 911 1216 981 iuratussit.
1265 908 1336 979 Cui
1357 910 1389 981 si
1413 911 1521 981 addis
1539 926 1579 980 et
1594 912 1781 981 Socratem
1806 924 1845 980 et
1869 915 2061 982 Sozome⁴

653 1066 745 1114 num
782 1036 1109 1128 Constantinopoli
1148 1033 1323 1130 degentes
1353 1057 1414 1106 eas
1435 1037 1668 1128 potissimum
1694 1058 1770 1121 res,
1796 1059 1890 1128 quae
1916 1035 1962 1104 ad
1989 1056 2062 1103 ec·

655 1168 803 1241 clerium
856 1160 1303 1252 Constantinopolitanam
1355 1162 1583 1249 attinerent,
1618 1163 1823 1233 memoriae
1864 1160 2062 1255 prodendi
2181 1180 2182 1192 ¹

654 1293 828 1367 habuisse
858 1288 1053 1361 consilium
1069 1283 1132 1371 6ὃ),
1168 1297 1207 1355 et
1231 1287 1358 1356 ambos
1382 1310 1439 1357 res
1460 1308 1537 1357 non
1562 1302 1638 1357 tam
1665 1286 1712 1356 ad
1738 1287 1918 1356 materiae
1942 1286 2061 1355 simi·

655 1420 877 1503 litudinem,
910 1436 1023 1506 quam
1053 1411 1100 1482 ad
1133 1411 1438 1509 chronologicam
1473 1414 1657 1484 rationem
1681 1413 1920 1505 disposuisse,
1945 1414 2060 1483 idem

655 1552 734 1618 iere
776 1543 971 1633 utriusque
1011 1560 1140 1608 rerum
1179 1537 1281 1607 ordo·
1301 1562 1346 1609 ac
1380 1540 1704 1631 frequentissimus
1746 1562 1941 1631 consensus
1970 1560 2057 1608 non

655 1675 766 1759 adeo,
793 1686 838 1739 uc
867 1668 914 1738 ds
937 1666 1141 1737 sozomeno
1164 1687 1188 1733 a
1212 1665 1305 1735 furti
1323 1667 1482 1737 crimine
1501 1668 1692 1739 liberando
1714 1666 1895 1761 desperes,
1919 1680 1957 1736 te
1985 1666 2057 1736 de·
2181 1767 2182 1772 ἵ

657 1798 842 1870 tinebunt.

663 2088 669 2097 ·
757 2057 805 2122 At
833 2050 864 2119 si
894 2046 1121 2117 sozomenus
1154 2051 1232 2115 non
1265 2046 1443 2139 expilavit
1473 2048 1681 2135 Socratem,
1715 2050 1882 2119 Socrates
1920 2049 2052 2120 fortas·
2181 2030 2182 2046 ¹

658 2182 704 2251 sis
742 2172 921 2269 expilsvit
949 2171 1207 2243 Sozomenum.
1266 2171 1390 2243 Multa
1420 2190 1527 2263 sunt,
1556 2196 1652 2267 quae
1682 2175 1773 2244 huic
1797 2174 1966 2267 opinioni
1989 2192 2050 2244 re·

660 2311 869 2400 irrigentur.
923 2300 1135 2371 Nemeum
1172 2295 1336 2377 Sonam
1360 2296 1505 2373 disertis
1524 2302 1646 2372 verbis
1676 2272 1980 2395 pronuntiaret),
2011 2326 2052 2373 se

661 2432 842 2506 libentius
867 2429 1040 2510 tacuisse,
1080 2425 1154 2495 nisi
1184 2423 1404 2496 obliteratae
1435 2428 1544 2532 ‚⁸9¹¹d·
1566 2442 1731 2519 posteros
1755 2448 1812 2496 res
1833 2428 2052 2497 ecclesiasti·

659 2582 724 2629 cae
763 2560 909 2626 futurae
942 2569 1085 2641 essent,
1126 2574 1289 2645 cumque
1322 2552 1517 2624 historiam
1558 2575 1666 2625 susm
1697 2574 1775 2623 non
1807 2569 1958 2647 sponte,
1986 2557 2054 2626 sed

661 2682 863 2757 Theodoro
908 2678 1095 2751 sacerdote
1134 2676 1306 2769 quodam
1344 2678 1643 2770 inhonestent)
1700 2679 1910 2772 scripserit,
1961 2680 2053 2750 huie

662 2814 826 2905 prolecto
855 2828 993 2903 operae
1011 2807 1188 2875 humeros
1208 2806 1471 2890 subtraxisset,
1494 2806 1525 2875 si
1547 2828 1634 2875 enm
1654 2806 1732 2875 iem
1753 2804 1921 2877 subiisset
1944 2809 2051 2882 alius.
2180 2875 2181 2890 ,

659 2942 774 3009 Porro
807 2936 951 3027 sliquos
983 2954 1114 3003 eorum
1135 2947 1477 3026 argumentorum,
1516 2934 1653 3025 quibus
1675 2934 2051 3023 in·antecedentibus

659 3066 905 3133 Sozomeuum
940 3056 1217 3149 compilationis
1244 3058 1451 3151 suspicione
1489 3063 1714 3147 exemimus,
1747 3064 1935 3134 Socratem
1960 3086 2051 3153 quo·

663 3212 737 3278 que
762 3186 894 3257 eadem
920 3184 1127 3276 suspicione
1140 3184 1323 3256 eximunt.
1372 3187 1445 3257 Sed
1461 3210 1549 3258 cerm
1565 3188 1657 3258 haec
1675 3188 1879 3279 quaestion
1901 3192 2051 3260 nemine

662 3314 741 3383 viro
761 3311 985 3383 doctnmbta
1006 3310 1068 3399 sit,
1096 3311 1289 3381 mittamus
1312 3332 1395 3382 earn
1425 3312 1583 3383 ulterius
1603 3313 1774 3385 refutare.
1821 3316 1875 3385 Ex
1905 3318 1951 3387 iis
1981 3320 2051 3415 igi·
2180 3303 2181 3312 ἵ

662 3452 736 3523 tur,
758 3460 852 3529 quse
870 3440 1049 3509 hactenus
1062 3436 1316 3523 disseruimus,
1336 3460 1460 3530 neque
1476 3444 1724 3512 sozomenum
1742 3444 1912 3529 Socratis,
1930 3466 2053 3537 neque

663 3566 848 3634 Socratem
882 3566 1077 3649 Sozomeni
1111 3563 1221 3634 inisse
1254 3564 1497 3660 plagiarium,
1531 3566 1596 3638 sed
1627 3581 1831 3661 utrumqne
1863 3592 1990 3662 suam,
2009 3576 2053 3644 eri
2181 3583 2182 3586 ’

590 3892 593 3899 ·
731 3860 772 3937 ⁵⁸)
795 3861 905 3927 Hocce
927 3877 1022 3921 suum
1044 3830 1215 3923 conu‘linm
1235 3861 1305 3941 ipse
1325 3864 1461 3943 exponit
1482 3862 1624 3926 Socrates
1645 3864 1703 3930 lib.
1723 3866 1760 3930 V.
1782 3871 1878 3935 c.24.

593 4010 596 4015 .
725 3971 767 4046 ὅθ)
789 3972 858 4033 Lib.
878 3973 905 4033 1.
929 3991 955 4032 c.
974 3976 1024 4040 18.
1069 3970 1196 4033 Locum
1217 3978 1354 4041 not-21·
1376 3974 1450 4035 vide
1471 3972 1675 4056 tdwfipfflffl·

728 4108 771 4185 ⁶⁰)
794 4107 866 4169 Lib.
876 4108 937 4169 vt
959 4120 1104 4190 prosem-
1143 4107 1300 4185 'Quinem
1319 4107 1380 4171 ille
1396 4107 1587 4173 Theodorus
1607 4112 1720 4187 luerit,
1740 4110 1875 4175 aliunde
1897 4134 1965 4179 non
1980 4118 2055 4178 con-

793 4230 863 4281 stet.
908 4216 960 4281 Gi.
982 4220 1101 4285 Valerii
1119 4230 1237 4291 annot,
1254 4216 1299 4280 sd
1321 4216 1460 4282 Socratis
1480 4220 1536 4281 lits
1552 4220 1593 4282 11.
1616 4242 1641 4284 c.
1661 4230 1691 4290 1.
