4392 5559
1177 264 1470 360 ..52-

624 423 772 550 tantum
797 478 922 547 habet
975 474 1890 569 Athanas.rlpol.adr.Ariun.torn.l.psg.17(t
1910 470 2032 543 Man-

625 606 656 674 si
680 602 833 676 Collect.
864 603 993 673 concil.
1017 614 1107 671 tour.
1123 602 1169 670 Il.
1198 624 1283 697 pag..
1295 610 1405 685 1234.

727 810 917 883 Eiusdem
952 812 1117 907 epistola
1152 815 1203 882 ad
1231 782 1430 909 episeopus
1462 825 1501 903 et
1530 814 1780 909 presbyteros
1814 805 2026 882 catholicae

630 938 817 1010 ecelesiae.
871 938 1136 1005 Constantinus
1161 940 1408 1008 Athanasium
1431 938 1593 1007 declarat
1620 937 1764 1029 patriae
1793 948 1833 1026 et
1853 928 2026 1023 ecclcsiae

603 1044 715 1132 'suae
747 1062 975 1133 restitutum.
1031 1062 1197 1131 Socrates
1230 1066 1287 1147 11,
1321 1075 1384 1145 23.
1435 1067 1608 1133 Attianos.
1640 1061 1750 1155 Apol.
1786 1058 1868 1127 adr.
1903 1054 2027 1125 Λήθη.

517 1194 518 1199 ’
629 1202 720 1259 tom.
741 1190 769 1258 1.
801 1198 994 1281 pag.173.
1044 1190 1169 1258 Massi
1194 1190 1348 1261 Collect.
1374 1190 1506 1301 concil.
1536 1203 1627 1260 tom.
1640 1191 1686 1258 11.
1734 1190 1948 1281 pag-1242·

729 1395 918 1469 Eiusdem
944 1401 1107 1497 epistola
1129 1401 1179 1471 ad
1204 1401 1508 1473 Alexandrinos.
1551 1400 1734 1469 Hortatur
1756 1406 1819 1465 eos
1846 1409 1891 1463 ut
1913 1390 2028 1461 Atha·

631 1523 777 1595 uasinm
794 1524 940 1595 lubenti
961 1526 1087 1595 auimo
1103 1526 1316 1619 suscipiant.
1353 1526 1523 1597 Socrates
1537 1528 1586 1611 11,
1614 1534 1677 1605 23.
1727 1523 1904 1591 athanas.
1920 1518 2032 1609 spot.

631 1649 714 1719 adv.
736 1648 862 1721 arian.
880 1664 970 1720 tom.
989 1652 1017 1719 1.
1044 1674 1129 1746 pag.
1151 1662 1234 1737 173.
1267 1654 1402 1731 ‚Mausi
1422 1654 1574 1725 Collect.
1599 1652 1729 1725 concil.
1758 1650 1912 1721 tom.11.
1944 1666 2031 1740 prg-

634 1785 746 1860 1239·

391 2020 395 2029 ·
482 2065 486 2075 ,
607 2002 617 2021 “
733 1988 923 2062 Eiusdem
963 1988 1127 2084 epistola
1174 1988 1226 2059 uri
1256 1989 1487 2062 Nestorium
1527 2004 1641 2086 atque
1672 1988 2027 2080 Augustamnica,

637 2114 841 2193 Thebaidis
872 2126 910 2187 et
937 2111 1092 2210 Lidyue
1117 2116 1328 2210 praesides.
1385 2117 1444 2187 De
1469 2116 1662 2189 abolendis
1682 2116 1746 2202 iis,
1784 2136 1883 2205 quae
1904 2126 2029 2183 eontra

632 2243 878 2315 Athanasium
908 2254 988 2311 acta
1016 2240 1176 2311 fuerant.
1227 2246 1392 2315 Socrates
1413 2248 1466 2333 ΙΙ,
1494 2256 1559 2329 23·
1610 2246 1784 2316 Athama.
1811 2233 1918 2336 A'pol
1950 2239 2031 2310 adv.

634 2370 758 2441 Arian.
783 2386 873 2465 tom.
898 2370 926 2441 1.
949 2390 1031 2465 pag.
1057 2363 1149 2452 174.

737 2572 925 2646 Eiusdem
950 2578 1112 2671 epistola
1135 2581 1186 2649 ad
1206 2538 1405 2657 ecelesiam
1421 2539 1662 2661 Antiochiae.
1713 2582 1928 2655 Eudoxiun
1951 2577 2036 2671 spi·

640 2728 796 2799 scopum
821 2704 928 2773 iubet
945 2702 1097 2795 expelli.
1151 2706 1247 2774 Data
1268 2720 1323 2776 est
1341 2729 1440 2778 auno
1463 2720 1553 2791 358.
1587 2713 1812 2783 Sozomeuus
1838 2708 1903 2793 tv,
1935 2711 1995 2787 14.

741 2912 932 2987 Eiusdem
960 2914 1126 3010 epistota
1154 2914 1207 2984 ad
1225 2916 1444 3010 ‘episcopam
1463 2920 1541 3012 ¹pru'
1563 2916 1743 2989 Arimini
1765 2930 2032 2988 couvenerant.

639 3042 767 3111 Semet
788 3038 940 3111 excusat
960 3040 1187 3134 imperator,
1215 3042 1315 3132 quod
1339 3044 1584 3139 legationem,
1615 3067 1637 3113 a
1658 3020 1800 3135 spuodo
1821 3044 1867 3113 ad
1893 3063 1933 3114 se
1949 3045 2036 3115 mis·

641 3192 739 3255 sam,
784 3168 952 3237 nondum
985 3167 1187 3239 admittere
1217 3170 1396 3262 potuerit.
1459 3170 1602 3263 Scripta
1638 3186 1695 3241 est
1739 3172 1896 3265 epistola
1934 3192 2034 3243 anno

644 3302 731 3377 359.
784 3296 949 3364 Socrates
968 3294 1026 3380 11,
1056 3304 1118 3375 37.
1608 3270 1614 3285 ⁴
1736 3294 1740 3301 ’
1788 3260 1803 3287 ‘

631 3508 637 3515 '
747 3502 896 3575 Iuliani
920 3504 1084 3597 epistola
1105 3506 1157 3575 ari
1176 3504 1479 3614 Alexandrinas.
1532 3506 1794 3603 obiurgarem
1815 3510 1862 3581 ob
1887 3508 2039 3581 caedem

650 3630 801 3727 Georgii
820 3629 989 3723 episcopi.
1041 3630 1185 3723 Scripta
1210 3647 1266 3701 est
1295 3634 1452 3726 epistola
1473 3656 1574 3709 anuo
1598 3644 1687 3717 362·
1730 3641 1895 3708 Socrates
1909 3638 1984 3726 111,
2003 3645 2040 3719 3.

648 3746 794 3833 Iulia'ui¹
807 3756 915 3850 epist.
933 3767 990 3839 10.
1038 3758 1092 3827 Cl.
1107 3756 1312 3831 Neuuders
1333 3756 1461 3834 Leleu
1481 3760 1645 3833 luliaus.
1671 3760 1713 3833 S.
1741 3774 1824 3848 161.

753 3988 941 4065 Eiusdem
965 3996 1130 4089 epistola
1153 3999 1203 4068 ud
1221 3996 1451 4089 Aruseium,
1486 4001 1723 4073 sacerdotem
1742 3998 1924 4079 Galatiae
1946 4029 2041 4101 gea·

654 4116 778 4193 tilem.
817 4118 891 4187 Dat
903 4121 1051 4193 Arsacio
1065 4121 1259 4212 mandata,
1290 4124 1423 4217 quibus
1439 4126 1620 4221 gentilem
1634 4133 1936 4223 superstitionem
1955 4136 2042 4209 suls·
