4392 5559
1192 263 1482 403 ’,418-

643 472 835 563 Gelasium
864 472 1001 543 Histor.
1030 472 1158 543 concii.
1181 472 1259 564 Nic.
1271 474 1325 559 11,
1347 480 1383 555 4
1407 475 1448 551 irr
1469 472 1593 543 Maosi
1614 471 1766 543 collect.
1791 471 1920 542 concii.
1949 486 2070 543 tom.

643 604 685 675 11.
716 622 795 693 pag.
809 608 911 682 802..
937 598 1050 667 Porro
1075 598 1172 689 apud
1201 601 1454 696 Nicephorum
1482 600 1618 677 Histor.
1644 600 1769 673 eccles.
1792 601 1894 685 VIII,
1919 608 1978 680 13.
2010 608 2068 665 et

527 796 531 807 ,
645 722 1235 819 apudEpiphanium.Scholast.
1263 726 1399 796 Histoe.
1425 729 1569 817 tripart.
1591 726 1631 809 Ι,
1664 736 1727 805 20·
1779 786 1784 797 .

648 1036 652 1047 ’
715 1052 719 1057 ·
748 1028 936 1101 Eiusdem
965 1028 1129 1123 epistola
1154 1032 1203 1099 od
1219 1026 1449 1118 Eusebium,
1464 1024 1691 1099 'Caesareae
1717 1030 1946 1122 episcopum.
1968 1028 2060 1095 Da·

581 1200 585 1212 ι
622 1151 707 1233 'tae
741 1158 829 1226 sunt
854 1156 927 1223 hae
953 1155 1103 1223 litterae
1129 1174 1204 1223 non
1231 1155 1353 1224 solum
1376 1154 1422 1221 ad
1435 1154 1666 1239 Eusebium,
1697 1178 1826 1225 rerum
1855 1155 1970 1222 etiam
1997 1150 2055 1219 ad

650 1304 792 1358 ceteros
818 1284 1024 1376 episcopos,
1053 1296 1095 1350 ut
1121 1281 1287 1350 ecclesias
1312 1279 1497 1371 collapsas·
1514 1294 1762 1348 restaurarent
1784 1295 1823 1349 et
1844 1292 1956 1347 noras
1982 1302 2057 1347 ex·

648 1424 844 1509 struerent.
890 1410 1032 1500 Scripta
1056 1421 1112 1475 est
1137 1407 1233 1475 circa
1259 1426 1400 1473 annum
1426 1412 1514 1485 324.
1565 1408 1731 1474 Socrates
1750 1404 1789 1489 1,
1811 1414 1849 1485 9.·
1869 1403 2053 1488 Theodo-

602 1604 606 1615 .
651 1542 775 1622 ret.I‚
795 1544 853 1617 15.
880 1533 1059 1602 Eusebius
1105 1532 1177 1600 rit.
1202 1535 1323 1601 Const.
1350 1532 1403 1615 11,
1430 1538 1482 1613 46
1527 1530 1723 1616 Eusebius,
1748 1530 1796 1598 ad
1820 1552 1930 1620 quem
1961 1532 2051 1599 data

651 1682 707 1740 est
731 1662 905 1757 epistola,
942 1682 1024 1727 eam
1051 1656 1160 1749 ponit
1182 1669 1265 1749 post
1287 1654 1439 1726 caedem
1458 1657 1599 1727 Licinii
1618 1672 1727 1747 atqua
1748 1670 1838 1725 ante
1859 1658 2048 1747 synodum

652 1796 874 1871 Nicaenam,
888 1784 1059 1885 'ideoque
1071 1782 1163 1850 circa
1175 1804 1317 1851 annum
1329 1789 1408 1886 324
1417 1784 1603 1874 scriptam.
1628 1786 1759 1875 Itaque
1776 1806 1853 1853 non
1869 1784 2049 1873 audiendi

653 1931 740 1989 sunt
760 1919 924 1986 Socrates
951 1923 1062 1999 atque
1078 1888 1372 1997 Tbeodoretus,⁴
1390 1910 1455 1999 qui
1480 1932 1563 1979 eam
1594 1924 1677 2002 post
1707 1894 1894 2001 synodum
1919 1880 2049 2011 Nirae·

588 2102 590 2107 ,
653 2069 740 2117 nam
776 2040 930 2111 demum
960 2035 1151 2106 exhibent.
1203 2033 1425 2104 Praesertim
1451 2058 1536 2104 cum
1563 2042 1729 2109 Socrates
1760 2058 1843 2105 eam
1865 2037 2052 2129 importu-

656 2196 705 2264 no
729 2166 936 2239 admodum
963 2164 1044 2233 Ioco
1072 2161 1260 2253 posuerit,
1296 2156 1349 2230 ita
1381 2134 1424 2231 ut
1454 2135 1542 2232 cunr
1571 2162 1876 2232 antecedentibus
1901 2185 2052 2255 prorsus

653 2324 730 2370 non
757 2296 962 2368 cohaereat.
987 2288 1190 2361 Eusebium
1213 2308 1301 2357 vero
1319 2288 1517 2379 epistolam
1538 2311 1606 2358 suo
1627 2288 1823 2358 collocasse
1841 2290 1943 2377 loco,
1969 2296 2052 2380 ejus

640 2435 919 2523 ¹argumentum
953 2436 1102 2508 quoque
1124 2427 1291 2484 testatur.
1535 2400 1539 2406 ’

758 2696 943 2785 Eiusdem
982 2694 1144 2788 epistola
1181 2691 1231 2767 od
1256 2694 1567 2769 Alexandrinum
1603 2700 1814 2769 ecclesium.
1868 2698 1925 2768 De
1959 2726 2051 2794 pace

656 2826 831 2898 ecclesiae
857 2846 925 2915 per
952 2820 1136 2914 synodum
1149 2823 1350 2892 Nicaenam
1378 2826 1560 2916 restituta.
1589 2818 1659 2921 'Et
1676 2792 1774 2893 baec
1795 2839 1832 2894 et
1846 2848 1943 2915 ⁴quae
1963 2833 2055 2897 sub-

656 2966 866 3045 sequuntur
889 2964 962 3017 tres
990 2948 1172 3039 epistolae
1201 2951 1312 3039 paolo
1349 2967 1431 3042 post
1456 2950 1641 3041 synodum
1669 2953 1866 3028 Nicaenam
1894 2956 2051 3047 scriptae

657 3096 754 3153 sunt.
806 3081 979 3148 Socrates
997 3076 1094 3157 I,9.
1123 3074 1246 3145 Mansi
1273 3074 1423 3146 Collect.
1448 3075 1576 3146 concil.
1611 3089 1700 3146 tom.
1722 3078 1766 3146 11.
1796 3101 1878 3175 pag.
1901 3090 1986 3163 723
2015 3104 2050 3155 et

657 3204 743 3291 919.
770 3226 852 3273 eam
880 3202 935 3269 bis
961 3200 1085 3270 habet

745 3480 951 3565 ¹Eiusdem
982 3478 1146 3573 epistola
1179 3465 1388 3551 edomites
1422 3484 1557 3577 ubique
1578 3486 1784 3578 episcopos
1815 3502 1855 3556 et
1883 3494 2051 3583 populos,

660 3614 797 3681 Contra
823 3604 905 3675 Ari-i
933 3604 1228 3693 Rutulorumque
1254 3604 1334 3674 eius
1358 3607 1546 3704 dogmata.
1593 3611 1760 3682 Socrates
1787 3625 1821 3699 1,
1847 3624 1881 3696 9,
1932 3620 2053 3690 Mami

660 3738 813 3809 Collect.
842 3728 1022 3875 concii.
1002 3743 1090 3798 tom.
1118 3730 1162 3797 II.
1192 3752 1273 3826 pag.
1296 3732 1389 3814 919.

631 4004 643 4021 '
764 4005 950 4095 Eiusdem
974 4008 1139 4107 epistola
1156 4010 1212 4077 ‘ud
1237 4012 1428 4095 ecclesius.
1479 4016 1537 4082 De
1560 4015 1741 4121 paschatis
1764 4017 1892 4089 litein
1908 4026 2056 4106 sinodo

664 4107 823 4211 Nicaena
848 4131 1016 4211 diremta.
1063 4129 1227 4202 Socrates
1253 4136 1288 4220 I,
1315 4145 1372 4223 9.,
1407 4160 1474 4228 qur
1495 4138 1590 4207 mira
1610 4146 1660 4227 V,
1699 4149 1760 4221 22.
1783 4158 1928 4233 partem
1961 4150 2057 4220 eius·
