4392 5559
676 412 969 508 ...59-

120 632 272 697 matur,
299 617 403 710 quod
431 642 503 690 vox
524 620 888 703 κωνσὶαντι-νὸυπὸλεως
914 616 957 691 in
978 620 1096 691 tribus
1118 616 1351 688 Theodoreti
1373 619 1525 709 'codicis

123 746 197 816 bus
222 762 334 837 atque
364 744 529 815 editione
550 746 734 837 'Stephani
759 747 905 845 deest..
925 752 1018 819 Cum
1052 770 1140 817 varo
1166 745 1424 816 Theododetus
1448 750 1471 816 l.
1493 748 1519 815 1.

126 862 275 941 disertis
295 872 418 941 verbis
443 871 554 951 dicat,
583 871 833 941 Alexandrum
857 875 1052 966 epistolam
1076 872 1220 939 dedisse
1243 872 1290 940 ad
1316 872 1376 952 τὸν
1391 871 1523 961 ὁμῶνυ·’

126 1022 214 1082 μον,
246 998 384 1069 Baluze
414 1014 493 1069 not.
526 998 564 1067 iu
593 998 709 1067 Marc.
740 998 790 1065 de
822 1022 922 1068 conc.
952 998 1091 1067 sacerd.
1120 1010 1163 1065 et
1199 996 1287 1089 imp.
1325 1020 1404 1091 pag.
1432 1008 1517 1083 481.

130 1122 403 1209 Alexandrum,
447 1122 733 1192 Thessalonicae
780 1125 880 1193 urbis
927 1126 1164 1215 episcopum,
1205 1123 1315 1191 innui
1352 1126 1517 1196 coniecit.

131 1244 204 1315 Sed
236 1270 321 1317 cum
355 1270 402 1317 ex
434 1248 549 1341 ipsius
582 1248 760 1339 epistolae
790 1264 1015 1343 argumento
1045 1249 1101 1314 nil
1135 1246 1226 1315 certi
1261 1248 1371 1317 statui
1399 1266 1519 1338 queat,

131 1368 226 1441 haec
249 1374 415 1461 quaestio
441 1374 553 1441 dubia
577 1388 715 1443 manet.
767 1374 821 1441 Cf.
847 1372 1012 1449 Walclts
1033 1354 1220 1445 'Historie
1242 1373 1311 1442 der
1330 1370 1523 1445 Ketzerei-
1656 1444 1663 1455 ,

134 1513 193 1565 en.
225 1493 292 1567 Th.
317 1508 353 1581 2.
377 1497 417 1569 S·
438 1506 525 1583 437.

237 1747 431 1851 Eiusdem¹
461 1728 627 1844 epistola
668 1751 716 1821 od
751 1772 885 1821 ¹omues
926 1752 1121 1845 episcopos
1164 1745 1370 1817 catholicoe
1411 1754 1529 1825 eccla·

138 1874 230 1945 siae.
302 1876 534 1963 Alexander,
573 1852 729 1945 Arianae
770 1877 929 1945 haeresis
967 1892 1141 1945 exortum
1178 1890 1290 1965 atque
1317 1875 1396 1945 Arii
1431 1883 1527 1949 eius·
1563 1948 1568 1956 ,

138 2024 213 2091 qua
237 2018 460 2073 sectatorum
486 1970 762 2082 damnationem
787 2004 981 2085 nuntians,
1014 2002 1199 2097 episcopos
1223 2016 1370 2086 monet,
1397 2020 1439 2073 ut
1459 2011 1528 2082 sibi

140 2140 289 2197 caveant
314 2129 829 2213 abEusebioNicomediensi,
862 2129 908 2196 ad
931 2129 1007 2197 Arii
1032 2128 1235 2197 doctrinam
1263 2100 1527 2203 commendan-

144 2254 227 2323 dam
251 2256 421 2349 epistolas
446 2232 527 2323 huc¹
547 2270 584 2323 et
610 2254 701 2323 illuc
727 2256 911 2324 mittente.
963 2257 1132 2323 Habetur
1157 2254 1257 2346 apud
1280 2258 1471 2335 Socratem,
1490 2264 1529 2349 I,

145 2395 177 2463 6
200 2396 332 2474 atque,
358 2383 425 2473 qui
452 2404 533 2450 eam
558 2380 646 2450 hinc
667 2380 863 2468 desumsit,
889 2361 1141 2475 Nicephorum
1165 2384 1265 2468 Vlll,
1286 2391 1323 2463 8.
1346 2382 1408 2450 sed
1432 2383 1529 2456 mul-

145 2511 193 2579 tia
218 2508 379 2602 respersa
402 2509 637 2601 corruptelis,
661 2522 699 2575 et
724 2510 803 2575 sine
828 2508 917 2580 'cleri
928 2510 1171 2579 Alexandrini
1192 2508 1533 2598 subscriptionibus.

148 2637 260 2712 120er
294 2634 395 2726 apua
424 2633 613 2709 Gelasium
647 2632 739 2703 urst.
779 2654 876 2705 cone
911 2637 986 2707 uic.
1013 2639 1067 2721 11,
1105 2646 1139 2719 3.
1166 2635 1207 2705 an
1231 2616 1355 2707 Mina
1383 2636 1531 2716 Correo,
1611 2722 1615 2729 .

149 2762 287 2837 concil.¹
302 2762 449 2831 tunuli.
484 2782 565 2853 pag.
576 2768 665 2841 793.
693 2782 778 2829 cum
806 2762 1133 2855 subscriptionibus
1163 2761 1336 2853 quidem,
1369 2763 1534 2833 sednon

149 2888 229 2957 sine
255 2886 408 2959 mendis.
444 2886 754 2955 Correctissimam
783 2890 1184 2979 completissimamque
1204 2886 1326 2959 edidit
1346 2889 1535 2961 Montfau·

154 3037 222 3083 son
248 3016 416 3086 Athanas.
448 3028 538 3083 tom.
565 3015 601 3099 I,
626 3035 707 3107 pag.
736 3022 822 3097 397.
861 3014 1045 3107 Epiphan.
1069 3012 1243 3087 Scholast.
1271 3016 1310 3097 l,
1341 3022 1397 3095 14.

252 3236 411 3325 Eusebii
442 3250 752 3323 Nicomediensis
791 3252 953 3345 epistola
997 3254 1046 3322 od
1080 3250 1292 3324 Paulinum.
1358 3249 1536 3321 Eusebius

151 3384 300 3455 Eusebii
312 3379 558 3450 Caesareanas
585 3378 748 3446 studium
770 3378 810 3446 in
830 3352 968 3449 tuenda
987 3380 1065 3449 Arii
1093 3366 1261 3448 doctrina
1281 3376 1420 3459 laudat,
1443 3376 1538 3445 Pau·

154 3512 353 3595 linivero,
377 3505 543 3599 episcopi
563 3504 676 3595 Tyri,
708 3502 900 3574 silentium
926 3505 1183 3612 reprehendit.
1211 3504 1435 3575 Theodoret.
1457 3507 1486 3589 1,
1504 3512 1537 3584 6.

255 3745 415 3833 Eusebr'i
435 3740 624 3837 Pamphili
648 3744 810 3836 epistola
837 3745 887 3814 od
912 3740 1204 3816 Caesareenses.
1255 3743 1435 3813 Eusebius
1468 3743 1543 3812 suis

153 3898 286 3949 vocam
314 3872 493 3965 ὁμοούσιος
518 3872 806 3961 interpretatur,
838 3892 886 3937 ne
911 3870 1051 3939 scilicet
1077 3872 1159 3961 quis
1185 3868 1373 3937 sinistrum
1394 3867 1542 3960 quippi·
1590 3940 1602 3949 ,

155 4028 222 4075 am
248 4004 292 4075 de
317 4026 356 4073 ae
381 4002 607 4091 auspicetur,
647 3994 745 4085 quod
767 3994 1108 4087 in.subscriptione
1131 3993 1219 4062 fidei
1244 3991 1426 4061 Nicasnae
1454 4015 1546 4084 pau·

157 4132 283 4203 lulum
301 4128 532 4200 substitisset.
584 4124 679 4191 Data
710 4135 764 4190 eat
800 4122 892 4190 haec
923 4122 1078 4213 epistola
1113 4094 1215 4188 illico
1251 4132 1332 4210 post
1364 4120 1558 4206 synodum.
1669 4195 1671 4198 ,

159 4260 359 4331 Nicaenam
396 4274 498 4344 anno
524 4256 609 4333 325.
660 4252 822 4320 Socrates
847 4246 884 4331 I,
910 4253 945 4326 8.
985 4234 1232 4314 'Theodorou
1255 4246 1290 4327 l,
1317 4252 1376 4323 12.
1432 4246 1546 4315 Atha.

1238 4349 1320 4451 B*
