<?xml version="1.0" encoding="UTF-8"?>
<!DOCTYPE html PUBLIC "-//W3C//DTD XHTML 1.0 Transitional//EN"
    "http://www.w3.org/TR/xhtml1/DTD/xhtml1-transitional.dtd">
<html xmlns="http://www.w3.org/1999/xhtml" xml:lang="en" lang="en">
 <head>
  <title>
</title>
<meta http-equiv="Content-Type" content="text/html;charset=utf-8" />
  <meta name='ocr-system' content='tesseract 3.04.00' />
  <meta name='ocr-capabilities' content='ocr_page ocr_carea ocr_par ocr_line ocrx_word'/>
</head>
<body>
  <div class='ocr_page' id='page_1' title='image "./commentatiodefo00holzgoog_0050.png"; bbox 0 0 4392 5559; ppageno 0'>
   <div class='ocr_carea' id='block_1_1' title="bbox 1191 296 1483 393">
    <p class='ocr_par' dir='ltr' id='par_1_1' title="bbox 1191 296 1483 393">
     <span class='ocr_line' id='line_1_1' title="bbox 1191 296 1483 393; baseline 0 -28"><span class='ocrx_word' id='word_1_1' title='bbox 1191 296 1483 393; x_wconf 56' lang='grc' dir='ltr'>...ω-η</span> 
     </span>
    </p>
   </div>
   <div class='ocr_carea' id='block_1_2' title="bbox 638 500 2038 1991">
    <p class='ocr_par' dir='ltr' id='par_1_2' title="bbox 638 500 2038 1991">
     <span class='ocr_line' id='line_1_2' title="bbox 639 500 2038 605; baseline 0.002 -33"><span class='ocrx_word' id='word_1_2' title='bbox 639 502 750 597; x_wconf 85' lang='lat' dir='ltr'><strong>opere</strong></span> <span class='ocrx_word' id='word_1_3' title='bbox 777 503 880 596; x_wconf 89' lang='lat' dir='ltr'><strong>(cap.</strong></span> <span class='ocrx_word' id='word_1_4' title='bbox 898 500 995 605; x_wconf 64' lang='grc' dir='ltr'><strong>4η),</strong></span> <span class='ocrx_word' id='word_1_5' title='bbox 1025 518 1063 573; x_wconf 87' lang='lat' dir='ltr'><strong>et</strong></span> <span class='ocrx_word' id='word_1_6' title='bbox 1088 509 1383 597; x_wconf 82' lang='lat' dir='ltr'><strong>superomnem‘</strong></span> <span class='ocrx_word' id='word_1_7' title='bbox 1400 504 1597 574; x_wconf 81' lang='lat' dir='ltr'><strong>hominem</strong></span> <span class='ocrx_word' id='word_1_8' title='bbox 1623 502 1918 599; x_wconf 78' lang='lat' dir='ltr'><strong>eruditue&#39;(cap.</strong></span> <span class='ocrx_word' id='word_1_9' title='bbox 1937 508 2038 594; x_wconf 79' lang='lat'><strong>53.),</strong></span> 
     </span>
     <span class='ocr_line' id='line_1_3' title="bbox 642 628 2037 723; baseline -0.003 -20"><span class='ocrx_word' id='word_1_10' title='bbox 642 655 723 704; x_wconf 89' lang='lat' dir='ltr'><strong>suas</strong></span> <span class='ocrx_word' id='word_1_11' title='bbox 752 644 872 722; x_wconf 85' lang='lat' dir='ltr'><strong>partes</strong></span> <span class='ocrx_word' id='word_1_12' title='bbox 903 644 977 697; x_wconf 83' lang='lat' dir='ltr'><strong>tarn</strong></span> <span class='ocrx_word' id='word_1_13' title='bbox 1005 630 1102 697; x_wconf 86' lang='lat' dir='ltr'><strong>male</strong></span> <span class='ocrx_word' id='word_1_14' title='bbox 1129 631 1268 723; x_wconf 80' lang='lat' dir='ltr'>egisse,</span> <span class='ocrx_word' id='word_1_15' title='bbox 1300 632 1382 721; x_wconf 90' lang='lat' dir='ltr'><strong>quis</strong></span> <span class='ocrx_word' id='word_1_16' title='bbox 1408 628 1560 699; x_wconf 88' lang='lat' dir='ltr'><strong>tandem</strong></span> <span class='ocrx_word' id='word_1_17' title='bbox 1588 631 1742 699; x_wconf 82' lang='lat' dir='ltr'><strong>credat?</strong></span> <span class='ocrx_word' id='word_1_18' title='bbox 1791 633 1906 704; x_wconf 79' lang='lat' dir='ltr'><strong>Porro</strong></span> <span class='ocrx_word' id='word_1_19' title='bbox 1936 634 2037 720; x_wconf 81' lang='lat' dir='ltr'><strong>judi·</strong></span> 
     </span>
     <span class='ocr_line' id='line_1_4' title="bbox 642 738 2038 855; baseline -0.005 -25"><span class='ocrx_word' id='word_1_20' title='bbox 642 783 699 830; x_wconf 85' lang='lat' dir='ltr'><strong>ces</strong></span> <span class='ocrx_word' id='word_1_21' title='bbox 732 748 940 841; x_wconf 86' lang='lat' dir='ltr'><strong>constituti,</strong></span> <span class='ocrx_word' id='word_1_22' title='bbox 981 758 1148 845; x_wconf 83' lang='lat' dir='ltr'><strong>quamvis</strong></span> <span class='ocrx_word' id='word_1_23' title='bbox 1170 753 1353 855; x_wconf 82' lang='lat' dir='ltr'><strong>religione</strong></span> <span class='ocrx_word' id='word_1_24' title='bbox 1376 738 1561 855; x_wconf 43' lang='lat' dir='ltr'><strong>gentiles}</strong></span> <span class='ocrx_word' id='word_1_25' title='bbox 1584 750 1767 849; x_wconf 82' lang='lat' dir='ltr'><strong>nusquam</strong></span> <span class='ocrx_word' id='word_1_26' title='bbox 1800 760 1926 827; x_wconf 75' lang='lat' dir='ltr'><strong>tamen</strong></span> <span class='ocrx_word' id='word_1_27' title='bbox 1945 753 2038 824; x_wconf 70' lang='lat' dir='ltr'><strong>&#39;ara-</strong></span> 
     </span>
     <span class='ocr_line' id='line_1_5' title="bbox 640 858 2038 981; baseline -0.004 -24"><span class='ocrx_word' id='word_1_28' title='bbox 640 889 820 969; x_wconf 84' lang='lat' dir='ltr'><strong>nichaeo,</strong></span> <span class='ocrx_word' id='word_1_29' title='bbox 856 884 923 975; x_wconf 90' lang='lat' dir='ltr'><strong>qui</strong></span> <span class='ocrx_word' id='word_1_30' title='bbox 950 884 1141 971; x_wconf 82' lang='lat' dir='ltr'><strong>doctrinae</strong></span> <span class='ocrx_word' id='word_1_31' title='bbox 1162 858 1575 981; x_wconf 62' lang='lat' dir='ltr'><strong>suae-multagentilia</strong></span> <span class='ocrx_word' id='word_1_32' title='bbox 1596 885 1812 969; x_wconf 83' lang='lat' dir='ltr'><strong>admiscuit,</strong></span> <span class='ocrx_word' id='word_1_33' title='bbox 1852 885 1915 953; x_wconf 84' lang='lat' dir='ltr'><strong>sed</strong></span> <span class='ocrx_word' id='word_1_34' title='bbox 1939 908 2038 952; x_wconf 77' lang='lat' dir='ltr'><strong>eenr-</strong></span> 
     </span>
     <span class='ocr_line' id='line_1_6' title="bbox 638 995 2036 1109; baseline -0.004 -28"><span class='ocrx_word' id='word_1_35' title='bbox 638 1036 705 1109; x_wconf 87' lang='lat' dir='ltr'><strong>per</strong></span> <span class='ocrx_word' id='word_1_36' title='bbox 738 1027 776 1084; x_wconf 84' lang='lat' dir='ltr'><strong>et</strong></span> <span class='ocrx_word' id='word_1_37' title='bbox 813 1012 954 1100; x_wconf 88' lang='lat' dir='ltr'><strong>ubique</strong></span> <span class='ocrx_word' id='word_1_38' title='bbox 977 1010 1161 1081; x_wconf 80' lang='lat' dir='ltr'><strong>Archelao</strong></span> <span class='ocrx_word' id='word_1_39' title='bbox 1183 995 1367 1105; x_wconf 67' lang='lat' dir='ltr'><strong>⁴episcopo</strong></span> <span class='ocrx_word' id='word_1_40' title='bbox 1408 998 1684 1084; x_wconf 48' lang='lat' dir='ltr'><strong>assentiuntur(</strong></span> <span class='ocrx_word' id='word_1_41' title='bbox 1743 1015 1793 1083; x_wconf 85' lang='lat' dir='ltr'><strong>Et</strong></span> <span class='ocrx_word' id='word_1_42' title='bbox 1829 1030 2036 1101; x_wconf 79' lang='lat' dir='ltr'><strong>qrramnam</strong></span> 
     </span>
     <span class='ocr_line' id='line_1_7' title="bbox 639 1122 2038 1235; baseline -0.009 -21"><span class='ocrx_word' id='word_1_43' title='bbox 639 1140 795 1214; x_wconf 87' lang='lat' dir='ltr'><strong>omnino</strong></span> <span class='ocrx_word' id='word_1_44' title='bbox 812 1136 927 1208; x_wconf 87' lang='lat' dir='ltr'><strong>habet</strong></span> <span class='ocrx_word' id='word_1_45' title='bbox 946 1138 1023 1205; x_wconf 82' lang='lat' dir='ltr'><strong>veri</strong></span> <span class='ocrx_word' id='word_1_46' title='bbox 1049 1126 1233 1229; x_wconf 79' lang='lat' dir='ltr'><strong>speciem,</strong></span> <span class='ocrx_word' id='word_1_47' title='bbox 1254 1132 1381 1207; x_wconf 85' lang='lat' dir='ltr'><strong>rerum</strong></span> <span class='ocrx_word' id='word_1_48' title='bbox 1396 1130 1688 1235; x_wconf 82' lang='lat' dir='ltr'><strong>Christianarum</strong></span> <span class='ocrx_word' id='word_1_49' title='bbox 1708 1122 1864 1203; x_wconf 73' lang='lat' dir='ltr'><strong>arbitros</strong></span> <span class='ocrx_word' id='word_1_50' title='bbox 1880 1135 2038 1228; x_wconf 79' lang='lat' dir='ltr'><strong>gentiles</strong></span> 
     </span>
     <span class='ocr_line' id='line_1_8' title="bbox 640 1238 2035 1354; baseline -0.011 -13"><span class='ocrx_word' id='word_1_51' title='bbox 640 1238 833 1341; x_wconf 76' lang='lat' dir='ltr'><strong>extitisse?</strong></span> <span class='ocrx_word' id='word_1_52' title='bbox 873 1262 944 1333; x_wconf 84' lang='lat' dir='ltr'><strong>Sed</strong></span> <span class='ocrx_word' id='word_1_53' title='bbox 971 1262 1097 1354; x_wconf 83' lang='lat' dir='ltr'><strong>plures</strong></span> <span class='ocrx_word' id='word_1_54' title='bbox 1124 1258 1308 1334; x_wconf 83' lang='lat' dir='ltr'><strong>eiusmodi</strong></span> <span class='ocrx_word' id='word_1_55' title='bbox 1334 1267 1501 1335; x_wconf 83' lang='lat' dir='ltr'><strong>fictiones</strong></span> <span class='ocrx_word' id='word_1_56' title='bbox 1526 1260 1735 1333; x_wconf 81' lang='lat' dir='ltr'><strong>Chrisliana</strong></span> <span class='ocrx_word' id='word_1_57' title='bbox 1756 1263 1852 1332; x_wconf 83' lang='lat' dir='ltr'><strong>vidit</strong></span> <span class='ocrx_word' id='word_1_58' title='bbox 1874 1258 2035 1350; x_wconf 84' lang='lat' dir='ltr'><strong>antiqui·</strong></span> 
     </span>
     <span class='ocr_line' id='line_1_9' title="bbox 638 1361 2036 1478; baseline -0.01 -14"><span class='ocrx_word' id='word_1_59' title='bbox 638 1411 711 1478; x_wconf 88' lang='lat' dir='ltr'><strong>tas,</strong></span> <span class='ocrx_word' id='word_1_60' title='bbox 745 1414 787 1460; x_wconf 85' lang='lat' dir='ltr'><strong>ea</strong></span> <span class='ocrx_word' id='word_1_61' title='bbox 814 1387 859 1457; x_wconf 87' lang='lat' dir='ltr'><strong>de</strong></span> <span class='ocrx_word' id='word_1_62' title='bbox 891 1410 996 1457; x_wconf 83' lang='lat' dir='ltr'><strong>causa</strong></span> <span class='ocrx_word' id='word_1_63' title='bbox 1025 1382 1154 1475; x_wconf 79' lang='lat' dir='ltr'><strong>factas,</strong></span> <span class='ocrx_word' id='word_1_64' title='bbox 1188 1406 1233 1459; x_wconf 94' lang='lat' dir='ltr'><strong>ut</strong></span> <span class='ocrx_word' id='word_1_65' title='bbox 1264 1392 1470 1461; x_wconf 89' lang='lat' dir='ltr'><strong>catholicae</strong></span> <span class='ocrx_word' id='word_1_66' title='bbox 1505 1361 1594 1460; x_wconf 81' lang='lat' dir='ltr'><strong>lidei</strong></span> <span class='ocrx_word' id='word_1_67' title='bbox 1630 1389 1677 1459; x_wconf 85' lang='lat' dir='ltr'><strong>de</strong></span> <span class='ocrx_word' id='word_1_68' title='bbox 1708 1388 1853 1457; x_wconf 84' lang='lat' dir='ltr'><strong>haeresi</strong></span> <span class='ocrx_word' id='word_1_69' title='bbox 1884 1384 2036 1455; x_wconf 83' lang='lat' dir='ltr'><strong>victoria</strong></span> 
     </span>
     <span class='ocr_line' id='line_1_10' title="bbox 638 1496 2037 1609; baseline -0.007 -21"><span class='ocrx_word' id='word_1_70' title='bbox 638 1520 684 1589; x_wconf 87' lang='lat' dir='ltr'><strong>ab</strong></span> <span class='ocrx_word' id='word_1_71' title='bbox 714 1514 820 1587; x_wconf 87' lang='lat' dir='ltr'><strong>omni</strong></span> <span class='ocrx_word' id='word_1_72' title='bbox 851 1496 1019 1606; x_wconf 80' lang='lat' dir='ltr'><strong>partium</strong></span> <span class='ocrx_word' id='word_1_73' title='bbox 1048 1516 1171 1585; x_wconf 88' lang='lat' dir='ltr'><strong>studio</strong></span> <span class='ocrx_word' id='word_1_74' title='bbox 1200 1519 1381 1587; x_wconf 81' lang='lat' dir='ltr'>remotior</span> <span class='ocrx_word' id='word_1_75' title='bbox 1406 1532 1529 1609; x_wconf 86' lang='lat' dir='ltr'><strong>eoque</strong></span> <span class='ocrx_word' id='word_1_76' title='bbox 1558 1502 1692 1587; x_wconf 82' lang='lat' dir='ltr'><strong>clarior</strong></span> <span class='ocrx_word' id='word_1_77' title='bbox 1717 1514 1897 1583; x_wconf 81' lang='lat' dir='ltr'><strong>evaderet.</strong></span> <span class='ocrx_word' id='word_1_78' title='bbox 1950 1511 2037 1581; x_wconf 77' lang='lat' dir='ltr'><strong>Alia</strong></span> 
     </span>
     <span class='ocr_line' id='line_1_11' title="bbox 639 1636 2037 1735; baseline -0.011 -18"><span class='ocrx_word' id='word_1_79' title='bbox 639 1646 752 1719; x_wconf 81' lang='lat' dir='ltr'><strong>etiam</strong></span> <span class='ocrx_word' id='word_1_80' title='bbox 780 1640 975 1733; x_wconf 87' lang='lat' dir='ltr'><strong>complura</strong></span> <span class='ocrx_word' id='word_1_81' title='bbox 1002 1641 1041 1710; x_wconf 92' lang='lat' dir='ltr'><strong>in</strong></span> <span class='ocrx_word' id='word_1_82' title='bbox 1067 1640 1365 1733; x_wconf 82' lang='lat' dir='ltr'><strong>disputationum</strong></span> <span class='ocrx_word' id='word_1_83' title='bbox 1385 1647 1598 1715; x_wconf 80' lang='lat' dir='ltr'><strong>narratione</strong></span> <span class='ocrx_word' id='word_1_84' title='bbox 1624 1641 1962 1735; x_wconf 82' lang='lat' dir='ltr'><strong>deprehenduntur</strong></span> <span class='ocrx_word' id='word_1_85' title='bbox 1987 1636 2037 1703; x_wconf 89' lang='lat' dir='ltr'><strong>ad</strong></span> 
     </span>
     <span class='ocr_line' id='line_1_12' title="bbox 639 1769 2037 1864; baseline -0.008 -21"><span class='ocrx_word' id='word_1_86' title='bbox 639 1772 835 1843; x_wconf 82' lang='lat' dir='ltr'><strong>veritatem</strong></span> <span class='ocrx_word' id='word_1_87' title='bbox 862 1790 993 1861; x_wconf 86' lang='lat' dir='ltr'><strong>parum</strong></span> <span class='ocrx_word' id='word_1_88' title='bbox 1030 1769 1315 1839; x_wconf 86' lang='lat' dir='ltr'><strong>accommodata.</strong></span> <span class='ocrx_word' id='word_1_89' title='bbox 1367 1774 1469 1863; x_wconf 85' lang='lat' dir='ltr'><strong>Quae</strong></span> <span class='ocrx_word' id='word_1_90' title='bbox 1499 1786 1627 1841; x_wconf 84' lang='lat' dir='ltr'><strong>tamen</strong></span> <span class='ocrx_word' id='word_1_91' title='bbox 1661 1770 1807 1864; x_wconf 84' lang='lat' dir='ltr'><strong>singula</strong></span> <span class='ocrx_word' id='word_1_92' title='bbox 1839 1784 2037 1836; x_wconf 80' lang='lat' dir='ltr'><strong>enumera·</strong></span> 
     </span>
     <span class='ocr_line' id='line_1_13' title="bbox 639 1896 1483 1991; baseline -0.001 -23"><span class='ocrx_word' id='word_1_93' title='bbox 639 1920 679 1968; x_wconf 89' lang='lat' dir='ltr'><strong>re</strong></span> <span class='ocrx_word' id='word_1_94' title='bbox 692 1898 765 1988; x_wconf 78' lang='grc'><strong>80),</strong></span> <span class='ocrx_word' id='word_1_95' title='bbox 806 1918 856 1965; x_wconf 85' lang='lat' dir='ltr'><strong>ne</strong></span> <span class='ocrx_word' id='word_1_96' title='bbox 879 1896 1063 1991; x_wconf 83' lang='lat' dir='ltr'><strong>longiores</strong></span> <span class='ocrx_word' id='word_1_97' title='bbox 1085 1898 1223 1983; x_wconf 85' lang='lat' dir='ltr'><strong>simus,</strong></span> <span class='ocrx_word' id='word_1_98' title='bbox 1263 1898 1483 1967; x_wconf 85' lang='lat' dir='ltr'><strong>omittimus.</strong></span> 
     </span>
    </p>
   </div>
   <div class='ocr_carea' id='block_1_3' title="bbox 623 2145 2033 3126">
    <p class='ocr_par' dir='ltr' id='par_1_3' title="bbox 623 2145 2033 3126">
     <span class='ocr_line' id='line_1_14' title="bbox 749 2145 2032 2240; baseline -0.001 -21"><span class='ocrx_word' id='word_1_99' title='bbox 749 2150 940 2219; x_wconf 87' lang='lat' dir='ltr'><strong>Postremo</strong></span> <span class='ocrx_word' id='word_1_100' title='bbox 972 2148 1044 2219; x_wconf 88' lang='lat' dir='ltr'><strong>hoc</strong></span> <span class='ocrx_word' id='word_1_101' title='bbox 1069 2148 1185 2219; x_wconf 87' lang='lat' dir='ltr'><strong>etiam</strong></span> <span class='ocrx_word' id='word_1_102' title='bbox 1214 2150 1367 2219; x_wconf 88' lang='lat' dir='ltr'><strong>illarum</strong></span> <span class='ocrx_word' id='word_1_103' title='bbox 1395 2146 1690 2240; x_wconf 82' lang='lat' dir='ltr'><strong>disputationum</strong></span> <span class='ocrx_word' id='word_1_104' title='bbox 1721 2145 1942 2217; x_wconf 73' lang='lat' dir='ltr'><strong>authentice</strong></span> <span class='ocrx_word' id='word_1_105' title='bbox 1972 2170 2032 2218; x_wconf 84' lang='lat' dir='ltr'><strong>re·</strong></span> 
     </span>
     <span class='ocr_line' id='line_1_15' title="bbox 642 2272 2033 2373; baseline -0.002 -27"><span class='ocrx_word' id='word_1_106' title='bbox 642 2280 809 2373; x_wconf 78' lang='lat' dir='ltr'><strong>fragatnr</strong></span> <span class='ocrx_word' id='word_1_107' title='bbox 834 2274 894 2345; x_wconf 78' lang='lat' dir='ltr'><strong>iel</strong></span> <span class='ocrx_word' id='word_1_108' title='bbox 917 2275 1097 2360; x_wconf 82' lang='lat' dir='ltr'><strong>maxime,</strong></span> <span class='ocrx_word' id='word_1_109' title='bbox 1130 2274 1232 2364; x_wconf 90' lang='lat' dir='ltr'><strong>quod</strong></span> <span class='ocrx_word' id='word_1_110' title='bbox 1254 2298 1372 2366; x_wconf 88' lang='lat' dir='ltr'><strong>usque</strong></span> <span class='ocrx_word' id='word_1_111' title='bbox 1391 2273 1437 2343; x_wconf 89' lang='lat' dir='ltr'><strong>ad</strong></span> <span class='ocrx_word' id='word_1_112' title='bbox 1452 2273 1634 2364; x_wconf 79' lang='lat' dir='ltr'><strong>Cyrillurn</strong></span> <span class='ocrx_word' id='word_1_113' title='bbox 1652 2272 2033 2364; x_wconf 87' lang='lat' dir='ltr'><strong>Hierosolymitanum</strong></span> 
     </span>
     <span class='ocr_line' id='line_1_16' title="bbox 637 2396 2029 2493; baseline -0.005 -17"><span class='ocrx_word' id='word_1_114' title='bbox 637 2428 712 2476; x_wconf 89' lang='lat' dir='ltr'><strong>non</strong></span> <span class='ocrx_word' id='word_1_115' title='bbox 744 2402 878 2471; x_wconf 42' lang='lat' dir='ltr'><strong>solum&gt;</strong></span> <span class='ocrx_word' id='word_1_116' title='bbox 903 2403 1016 2471; x_wconf 86' lang='lat' dir='ltr'><strong>ceteri</strong></span> <span class='ocrx_word' id='word_1_117' title='bbox 1045 2422 1178 2471; x_wconf 81' lang='lat' dir='ltr'><strong>omnes</strong></span> <span class='ocrx_word' id='word_1_118' title='bbox 1216 2414 1355 2493; x_wconf 85' lang='lat' dir='ltr'><strong>patres,</strong></span> <span class='ocrx_word' id='word_1_119' title='bbox 1390 2425 1520 2471; x_wconf 86' lang='lat' dir='ltr'><strong>verum</strong></span> <span class='ocrx_word' id='word_1_120' title='bbox 1553 2402 1665 2469; x_wconf 85' lang='lat' dir='ltr'><strong>etiam</strong></span> <span class='ocrx_word' id='word_1_121' title='bbox 1695 2400 1892 2485; x_wconf 79' lang='lat' dir='ltr'><strong>Eusebius,</strong></span> <span class='ocrx_word' id='word_1_122' title='bbox 1915 2396 1961 2467; x_wconf 86' lang='lat' dir='ltr'><strong>de</strong></span> <span class='ocrx_word' id='word_1_123' title='bbox 1985 2402 2029 2469; x_wconf 80' lang='lat' dir='ltr'><strong>iis</strong></span> 
     </span>
     <span class='ocr_line' id='line_1_17' title="bbox 623 2526 2030 2621; baseline -0.001 -23"><span class='ocrx_word' id='word_1_124' title='bbox 623 2528 837 2598; x_wconf 78' lang='lat' dir='ltr'><strong>tacuerint.</strong></span> <span class='ocrx_word' id='word_1_125' title='bbox 890 2530 984 2597; x_wconf 88' lang='lat' dir='ltr'><strong>Nam</strong></span> <span class='ocrx_word' id='word_1_126' title='bbox 1021 2530 1169 2597; x_wconf 78' lang='lat' dir='ltr'><strong>mirum·</strong></span> <span class='ocrx_word' id='word_1_127' title='bbox 1195 2530 1359 2621; x_wconf 87' lang='lat' dir='ltr'><strong>prolecto</strong></span> <span class='ocrx_word' id='word_1_128' title='bbox 1388 2529 1554 2613; x_wconf 89' lang='lat' dir='ltr'><strong>videtur,</strong></span> <span class='ocrx_word' id='word_1_129' title='bbox 1589 2526 1708 2618; x_wconf 88' lang='lat' dir='ltr'><strong>quod,</strong></span> <span class='ocrx_word' id='word_1_130' title='bbox 1744 2550 1830 2596; x_wconf 88' lang='lat' dir='ltr'><strong>curn</strong></span> <span class='ocrx_word' id='word_1_131' title='bbox 1860 2542 2030 2596; x_wconf 86' lang='lat' dir='ltr'><strong>veterum</strong></span> 
     </span>
     <span class='ocr_line' id='line_1_18' title="bbox 636 2652 2026 2745; baseline 0 -26"><span class='ocrx_word' id='word_1_132' title='bbox 636 2652 873 2722; x_wconf 85' lang='lat' dir='ltr'><strong>ecclesiarum</strong></span> <span class='ocrx_word' id='word_1_133' title='bbox 895 2654 1056 2745; x_wconf 80' lang='lat' dir='ltr'><strong>episcopi</strong></span> <span class='ocrx_word' id='word_1_134' title='bbox 1087 2669 1165 2722; x_wconf 88' lang='lat' dir='ltr'><strong>tam</strong></span> <span class='ocrx_word' id='word_1_135' title='bbox 1189 2668 1288 2723; x_wconf 88' lang='lat' dir='ltr'><strong>arcto</strong></span> <span class='ocrx_word' id='word_1_136' title='bbox 1315 2652 1559 2745; x_wconf 87' lang='lat' dir='ltr'><strong>epistolarum</strong></span> <span class='ocrx_word' id='word_1_137' title='bbox 1582 2653 1807 2722; x_wconf 88' lang='lat' dir='ltr'><strong>commercio</strong></span> <span class='ocrx_word' id='word_1_138' title='bbox 1830 2667 2026 2721; x_wconf 86' lang='lat' dir='ltr'><strong>connecte·</strong></span> 
     </span>
     <span class='ocr_line' id='line_1_19' title="bbox 635 2778 2029 2872; baseline -0.002 -24"><span class='ocrx_word' id='word_1_139' title='bbox 635 2780 794 2865; x_wconf 83' lang='lat' dir='ltr'><strong>bantur,</strong></span> <span class='ocrx_word' id='word_1_140' title='bbox 825 2780 998 2850; x_wconf 84' lang='lat' dir='ltr'><strong>catholici</strong></span> <span class='ocrx_word' id='word_1_141' title='bbox 1025 2780 1187 2872; x_wconf 86' lang='lat' dir='ltr'><strong>episcopi</strong></span> <span class='ocrx_word' id='word_1_142' title='bbox 1218 2780 1264 2847; x_wconf 87' lang='lat' dir='ltr'><strong>de</strong></span> <span class='ocrx_word' id='word_1_143' title='bbox 1286 2778 1819 2849; x_wconf 72' lang='lat' dir='ltr'><strong>celeberrimahaeresiarcha</strong></span> <span class='ocrx_word' id='word_1_144' title='bbox 1842 2792 2029 2870; x_wconf 86' lang='lat' dir='ltr'><strong>reportata</strong></span> 
     </span>
     <span class='ocr_line' id='line_1_20' title="bbox 638 2891 2029 3001; baseline -0.001 -24"><span class='ocrx_word' id='word_1_145' title='bbox 638 2906 789 2977; x_wconf 82' lang='lat' dir='ltr'><strong>victoria</strong></span> <span class='ocrx_word' id='word_1_146' title='bbox 807 2904 847 2973; x_wconf 93' lang='lat' dir='ltr'><strong>in</strong></span> <span class='ocrx_word' id='word_1_147' title='bbox 863 2904 1016 2975; x_wconf 89' lang='lat' dir='ltr'><strong>obscuro</strong></span> <span class='ocrx_word' id='word_1_148' title='bbox 1032 2904 1124 2974; x_wconf 88' lang='lat' dir='ltr'><strong>adeo</strong></span> <span class='ocrx_word' id='word_1_149' title='bbox 1141 2905 1344 2974; x_wconf 86' lang='lat' dir='ltr'><strong>delituerit.</strong></span> <span class='ocrx_word' id='word_1_150' title='bbox 1378 2906 1476 2973; x_wconf 87' lang='lat' dir='ltr'><strong>Huic</strong></span> <span class='ocrx_word' id='word_1_151' title='bbox 1494 2891 1647 2997; x_wconf 85' lang='lat' dir='ltr'><strong>quidem</strong></span> <span class='ocrx_word' id='word_1_152' title='bbox 1671 2920 1895 3001; x_wconf 84' lang='lat' dir='ltr'><strong>argumento</strong></span> <span class='ocrx_word' id='word_1_153' title='bbox 1914 2907 2029 2976; x_wconf 86' lang='lat' dir='ltr'><strong>Beau·</strong></span> 
     </span>
     <span class='ocr_line' id='line_1_21' title="bbox 637 3010 1561 3126; baseline 0.001 -25"><span class='ocrx_word' id='word_1_154' title='bbox 637 3032 744 3101; x_wconf 79' lang='lat' dir='ltr'><strong>sobre</strong></span> <span class='ocrx_word' id='word_1_155' title='bbox 768 3052 941 3126; x_wconf 82' lang='lat' dir='ltr'><strong>magnam</strong></span> <span class='ocrx_word' id='word_1_156' title='bbox 965 3032 1153 3126; x_wconf 85' lang='lat' dir='ltr'><strong>impendit</strong></span> <span class='ocrx_word' id='word_1_157' title='bbox 1176 3032 1382 3104; x_wconf 86' lang='lat' dir='ltr'><strong>doctrinam</strong></span> <span class='ocrx_word' id='word_1_158' title='bbox 1407 3031 1470 3120; x_wconf 63' lang='lat'><strong>⁸1).</strong></span> <span class='ocrx_word' id='word_1_159' title='bbox 1557 3010 1561 3018; x_wconf 37' lang='lat'><strong><em>⁴</em></strong></span> 
     </span>
    </p>
   </div>
   <div class='ocr_carea' id='block_1_4' title="bbox 635 3284 2028 3501">
    <p class='ocr_par' dir='ltr' id='par_1_4' title="bbox 635 3284 2028 3501">
     <span class='ocr_line' id='line_1_22' title="bbox 736 3284 2028 3381; baseline 0.007 -32"><span class='ocrx_word' id='word_1_160' title='bbox 736 3284 838 3371; x_wconf 86' lang='lat' dir='ltr'><strong>Quae</strong></span> <span class='ocrx_word' id='word_1_161' title='bbox 862 3302 945 3353; x_wconf 90' lang='lat' dir='ltr'><strong>cum</strong></span> <span class='ocrx_word' id='word_1_162' title='bbox 982 3284 1032 3352; x_wconf 89' lang='lat' dir='ltr'><strong>ita</strong></span> <span class='ocrx_word' id='word_1_163' title='bbox 1060 3287 1152 3374; x_wconf 89' lang='lat' dir='ltr'><strong>sint,</strong></span> <span class='ocrx_word' id='word_1_164' title='bbox 1187 3309 1322 3359; x_wconf 87' lang='lat' dir='ltr'><strong>eorum</strong></span> <span class='ocrx_word' id='word_1_165' title='bbox 1351 3284 1576 3368; x_wconf 81' lang='lat' dir='ltr'><strong>sententiae,</strong></span> <span class='ocrx_word' id='word_1_166' title='bbox 1615 3286 1680 3377; x_wconf 89' lang='lat' dir='ltr'><strong>qui</strong></span> <span class='ocrx_word' id='word_1_167' title='bbox 1707 3287 1925 3381; x_wconf 77' lang='lat' dir='ltr'><strong>graeculum</strong></span> <span class='ocrx_word' id='word_1_168' title='bbox 1959 3290 2028 3359; x_wconf 88' lang='lat' dir='ltr'><strong>ho-</strong></span> 
     </span>
     <span class='ocr_line' id='line_1_23' title="bbox 635 3390 2027 3501; baseline 0.009 -28"><span class='ocrx_word' id='word_1_169' title='bbox 635 3403 778 3473; x_wconf 87' lang='lat' dir='ltr'><strong>minem</strong></span> <span class='ocrx_word' id='word_1_170' title='bbox 805 3408 889 3475; x_wconf 87' lang='lat' dir='ltr'><strong>istas</strong></span> <span class='ocrx_word' id='word_1_171' title='bbox 923 3407 1192 3501; x_wconf 83' lang='lat' dir='ltr'><strong>disputationes</strong></span> <span class='ocrx_word' id='word_1_172' title='bbox 1227 3414 1461 3482; x_wconf 79' lang='lat' dir='ltr'><strong>concinnasse</strong></span> <span class='ocrx_word' id='word_1_173' title='bbox 1496 3390 1684 3496; x_wconf 74' lang='lat' dir='ltr'><strong>staluunt,</strong></span> <span class='ocrx_word' id='word_1_174' title='bbox 1720 3412 1895 3481; x_wconf 84' lang='lat' dir='ltr'><strong>accedero</strong></span> <span class='ocrx_word' id='word_1_175' title='bbox 1928 3414 2027 3485; x_wconf 89' lang='lat' dir='ltr'><strong>haud</strong></span> 
     </span>
    </p>
   </div>
   <div class='ocr_carea' id='block_1_5' title="bbox 643 3626 1148 3652">
    <p class='ocr_par' dir='ltr' id='par_1_5' title="bbox 643 3626 1148 3652">
     <span class='ocr_line' id='line_1_24' title="bbox 643 3626 1148 3652; baseline 0 -10"><span class='ocrx_word' id='word_1_176' title='bbox 643 3626 1148 3652; x_wconf 51' lang='grc' dir='ltr'><strong>-Ι--ΗἭ</strong></span> 
     </span>
    </p>
   </div>
   <div class='ocr_carea' id='block_1_6' title="bbox 695 3722 2026 4233">
    <p class='ocr_par' dir='ltr' id='par_1_6' title="bbox 695 3722 2026 4016">
     <span class='ocr_line' id='line_1_25' title="bbox 695 3722 2026 3813; baseline 0.013 -33"><span class='ocrx_word' id='word_1_177' title='bbox 695 3722 742 3805; x_wconf 78' lang='lat'><strong>⁸⁰)</strong></span> <span class='ocrx_word' id='word_1_178' title='bbox 766 3724 913 3801; x_wconf 87' lang='lat' dir='ltr'><strong>Quorum</strong></span> <span class='ocrx_word' id='word_1_179' title='bbox 946 3725 1035 3803; x_wconf 87' lang='lat' dir='ltr'><strong>plura</strong></span> <span class='ocrx_word' id='word_1_180' title='bbox 1063 3728 1094 3786; x_wconf 85' lang='lat' dir='ltr'><strong>si</strong></span> <span class='ocrx_word' id='word_1_181' title='bbox 1124 3729 1213 3806; x_wconf 84' lang='lat' dir='ltr'><strong>cupis</strong></span> <span class='ocrx_word' id='word_1_182' title='bbox 1233 3730 1435 3799; x_wconf 71' lang='lat' dir='ltr'><strong>resciscere,</strong></span> <span class='ocrx_word' id='word_1_183' title='bbox 1478 3730 1551 3791; x_wconf 83' lang='lat' dir='ltr'><strong>vide</strong></span> <span class='ocrx_word' id='word_1_184' title='bbox 1579 3727 1723 3791; x_wconf 79' lang='lat' dir='ltr'><strong>Semlen</strong></span> <span class='ocrx_word' id='word_1_185' title='bbox 1754 3730 1952 3813; x_wconf 67' lang='lat' dir='ltr'><strong>Einleitung</strong></span> <span class='ocrx_word' id='word_1_186' title='bbox 1984 3758 2026 3797; x_wconf 76' lang='lat' dir='ltr'><strong>ru</strong></span> 
     </span>
     <span class='ocr_line' id='line_1_26' title="bbox 758 3830 2026 3933; baseline 0.011 -39"><span class='ocrx_word' id='word_1_187' title='bbox 758 3830 1008 3933; x_wconf 59' lang='lat' dir='ltr'><strong>Raumgortens</strong></span> <span class='ocrx_word' id='word_1_188' title='bbox 1029 3836 1281 3921; x_wconf 76' lang='lat' dir='ltr'><strong>Untersucbung</strong></span> <span class='ocrx_word' id='word_1_189' title='bbox 1303 3842 1385 3903; x_wconf 83' lang='lat' dir='ltr'><strong>iiber</strong></span> <span class='ocrx_word' id='word_1_190' title='bbox 1406 3842 1499 3901; x_wconf 75' lang='lat' dir='ltr'><strong>theol.</strong></span> <span class='ocrx_word' id='word_1_191' title='bbox 1516 3838 1766 3921; x_wconf 80' lang='lat' dir='ltr'><strong>Streitigleiten</strong></span> <span class='ocrx_word' id='word_1_192' title='bbox 1788 3835 1891 3911; x_wconf 68' lang='grc' dir='ltr'><strong>ΒΜ.</strong></span> <span class='ocrx_word' id='word_1_193' title='bbox 1904 3841 1933 3907; x_wconf 87' lang='lat' dir='ltr'><strong>S.</strong></span> <span class='ocrx_word' id='word_1_194' title='bbox 1950 3852 2026 3915; x_wconf 76' lang='lat'><strong>269.</strong></span> 
     </span>
     <span class='ocr_line' id='line_1_27' title="bbox 759 3938 1875 4016; baseline 0.012 -11"><span class='ocrx_word' id='word_1_195' title='bbox 759 3938 917 4008; x_wconf 72' lang='lat' dir='ltr'><strong>Anmerl.</strong></span> <span class='ocrx_word' id='word_1_196' title='bbox 934 3954 1009 4016; x_wconf 81' lang='lat'><strong>279.</strong></span> <span class='ocrx_word' id='word_1_197' title='bbox 1871 3947 1875 3960; x_wconf 67' lang='grc'>’</span> 
     </span>
    </p>

    <p class='ocr_par' dir='ltr' id='par_1_7' title="bbox 696 4042 2025 4233">
     <span class='ocr_line' id='line_1_28' title="bbox 696 4042 2025 4138; baseline 0.013 -26"><span class='ocrx_word' id='word_1_198' title='bbox 696 4050 743 4133; x_wconf 77' lang='lat'><strong>⁸¹)</strong></span> <span class='ocrx_word' id='word_1_199' title='bbox 766 4052 909 4115; x_wconf 78' lang='lat' dir='ltr'><strong>Histoire</strong></span> <span class='ocrx_word' id='word_1_200' title='bbox 936 4048 1074 4138; x_wconf 82' lang='lat' dir='ltr'><strong>critique</strong></span> <span class='ocrx_word' id='word_1_201' title='bbox 1097 4054 1141 4120; x_wconf 71' lang='lat' dir='ltr'><strong>&#39;de</strong></span> <span class='ocrx_word' id='word_1_202' title='bbox 1158 4058 1332 4120; x_wconf 69' lang='lat' dir='ltr'><strong>Manichee</strong></span> <span class='ocrx_word' id='word_1_203' title='bbox 1359 4072 1391 4119; x_wconf 88' lang='lat' dir='ltr'><strong>et</strong></span> <span class='ocrx_word' id='word_1_204' title='bbox 1422 4059 1467 4119; x_wconf 84' lang='lat' dir='ltr'><strong>du</strong></span> <span class='ocrx_word' id='word_1_205' title='bbox 1500 4056 1737 4123; x_wconf 70' lang='lat' dir='ltr'><strong>Manicheirme</strong></span> <span class='ocrx_word' id='word_1_206' title='bbox 1767 4072 1844 4126; x_wconf 85' lang='lat' dir='ltr'><strong>rom.</strong></span> <span class='ocrx_word' id='word_1_207' title='bbox 1862 4042 1900 4134; x_wconf 32' lang='lat'><strong>1..</strong></span> <span class='ocrx_word' id='word_1_208' title='bbox 1919 4068 1970 4130; x_wconf 81' lang='lat' dir='ltr'><strong>liv.</strong></span> <span class='ocrx_word' id='word_1_209' title='bbox 1995 4088 2025 4133; x_wconf 86' lang='grc' dir='ltr'><strong>ι.</strong></span> 
     </span>
     <span class='ocr_line' id='line_1_29' title="bbox 759 4153 1762 4233; baseline 0.017 -6"><span class='ocrx_word' id='word_1_210' title='bbox 759 4162 811 4230; x_wconf 85' lang='lat' dir='ltr'><strong>ch.</strong></span> <span class='ocrx_word' id='word_1_211' title='bbox 838 4172 887 4233; x_wconf 81' lang='lat'><strong>13.</strong></span> <span class='ocrx_word' id='word_1_212' title='bbox 1243 4153 1246 4162; x_wconf 50' lang='grc'><strong>’</strong></span> <span class='ocrx_word' id='word_1_213' title='bbox 1756 4169 1762 4177; x_wconf 64' lang='grc'><strong><em>’</em></strong></span> 
     </span>
    </p>
   </div>
   <div class='ocr_carea' id='block_1_7' title="bbox 0 0 2200 5559">
    <p class='ocr_par' dir='ltr' id='par_1_8' title="bbox 0 0 2200 5559">
     <span class='ocr_line' id='line_1_30' title="bbox 0 0 2200 5559; baseline 0 0"><span class='ocrx_word' id='word_1_214' title='bbox 0 0 2200 5559; x_wconf 95' lang='lat' dir='ltr'><strong> </strong></span> 
     </span>
    </p>
   </div>
  </div>
 </body>
</html>
