4392 5559
654 356 974 469 ‘-25-

119 592 286 663 Acesius
309 593 600 663 Noratianornrn
618 593 809 687 episcopus
837 586 1157 680 Constantinopoli
1182 587 1357 676 esset⁴⁵),
1381 590 1523 679 quidni,

122 740 296 806 quaeso,
334 720 436 788 illius
472 720 525 789 rei
565 719 662 787 fama
699 719 739 787 in
777 717 845 787 hac
872 717 948 809 ipsa
974 717 1087 801 urbe,
1123 717 1164 785 io
1190 739 1265 807 qua
1298 720 1524 787 sozomenus

126 842 317 937 degebat,
355 844 561 939 perdurare
597 846 735 936 potuit,
763 868 879 941 usque
909 844 999 913 dum
1022 856 1151 913 auctor
1185 866 1268 912 eam
1299 843 1525 935 comperiret

118 990 297 1063 suaeque
335 969 523 1051 ‘historiae
556 970 764 1041 intexeret?
830 971 867 1042 Si
907 970 1071 1062 denique
1115 976 1339 1042 Sozomeuus
1372 970 1526 1042 Socratis

123 1096 248 1164 rerba
277 1098 475 1167 suffuratus
508 1120 582 1167 esse
607 1113 809 1183 accusatur,
839 1098 968 1188 iniqua
1007 1096 1099 1165 haec
1138 1109 1193 1165 est
1217 1096 1445 1167 criminatio·
1488 1098 1526 1171 si

123 1224 251 1308 euim,
278 1224 376 1315 quod
403 1226 484 1295 vult
526 1225 710 1310 Valesius,
746 1226 785 1293 in
830 1222 898 1293 hac
937 1222 1182 1291 minutissima
1216 1223 1428 1292 narratione
1454 1226 1526 1295 alia

123 1350 373 1438 immutavit,
427 1354 497 1424 alia
545 1352 808 1445 interpolavit,
860 1362 952 1440 quot
992 1346 1147 1417 tandem
1206 1348 1316 1416 verba
1373 1346 1528 1437 restant,

126 1498 233 1565 quae
266 1500 354 1547 eum
386 1479 607 1548 sulfuratum
644 1499 721 1547 esse
754 1476 973 1545 convincas?
1033 1478 1253 1566 Quanquam
1296 1474 1461 1543 Valesius
1488 1476 1527 1542 in

127 1606 423 1675 Commentariis
457 1605 504 1675 de
535 1604 691 1677 Socratis
721 1594 992 1693 Summanique
1029 1598 1184 1670 historia
1204 1599 1308 1669 idem
1330 1601 1404 1669 hoc
1431 1622 1529 1671 com·

102 1730 312 1825 'pluribus
343 1730 432 1800 locis
466 1730 662 1823 probatum
685 1729 770 1812 ivit,
803 1728 932 1796 ceteris
958 1740 1102 1809 tamen,
1134 1748 1220 1795 cum
1247 1728 1298 1796 ita
1319 1745 1530 1820 comparate

128 1861 226 1943 sint,
252 1880 344 1949 quae
367 1857 467 1927 iacili
489 1856 640 1952 negotio
665 1853 819 1925 refutari
843 1868 997 1945 queant,
1024 1852 1228 1925 refutandis
1246 1854 1439 1926 immorari
1465 1878 1532 1925 no·

131 1984 302 2069 luimus,
328 2004 377 2051 ne
400 2006 467 2076 per
492 1985 665 2080 ambages
687 1980 888 2075 disputatio
911 1992 1074 2073 vagetur.

241 2184 356 2253 Porro
389 2183 440 2251 ait
474 2182 657 2268 Valesius,
695 2205 778 2252 curn
801 2182 913 2252 ambo
947 2181 993 2250 ab
1030 2178 1164 2249 eodem
1200 2178 1381 2273 principio
1415 2182 1532 2252 exorsi

135 2309 185 2379 ad
218 2310 377 2381 eandem
409 2328 549 2381 metam
575 2288 826 2397 decurrerint,
859 2332 880 2379 a
904 2308 1115 2403 principatu
1139 2306 1279 2377 scilicet
1301 2310 1554 2379 Constantini·

136 2436 187 2505 ad
209 2440 322 2509 XVII.
346 2442 576 2509 consulatum
591 2436 793 2507 Theodosii
818 2435 985 2520 iunioris,
1009 2456 1158 2529 prorsus
1171 2435 1417 2503 necessarium
1444 2458 1531 2521 esse,

139 2580 186 2635 nt
214 2566 310 2635 alter
337 2566 488 2635 alterius
513 2564 644 2633 scrinia
677 2561 941 2655 compilaverit.
1000 2564 1222 2633 Sozomenus
1247 2582 1267 2627 a
1292 2561 1534 2635 Constantino

140 2692 297 2783 quidem
322 2693 459 2787 pariter
483 2714 525 2760 ac
549 2693 711 2760 Socrates
738 2689 931 2760 historiam
955 2688 1233 2759 ecclesiasticam
1256 2686 1423 2775 orditur,
1445 2710 1535 2757 neu·

139 2818 289 2908 tiquam
315 2832 440 2887 tamen
476 2826 697 2910 propterea,
717 2815 815 2911 quod
848 2840 934 2885 eum
965 2816 1097 2886 ducem
1134 2827 1311 2905 sequutus
1341 2814 1399 2883 sit.
1466 2815 1536 2889 Sed

143 2946 259 3014 ambo
291 2944 458 3013 historici
498 2944 606 3013 unice
638 2943 685 3013 ob
709 2944 806 3012 hanc
842 2964 988 3012 causam
1015 2942 1061 3011 ab
1092 2940 1226 3031 eodem
1247 2943 1430 3035 principio
1456 2967 1537 3035 pro-

145 3072 265 3169 gressi
291 3084 395 3153 sunt,
422 3066 535 3159 quod,
559 3068 665 3136 sicuti
697 3082 855 3159 uterque
877 3071 915 3138 in
940 3070 1061 3161 primo
1096 3068 1270 3137 historiae
1296 3090 1382 3136 suae
1409 3070 1538 3139 limine

147 3198 297 3271 disertis
343 3192 461 3265 verbis
492 3196 708 3287 profitetur,
743 3194 807 3264 ubi
847 3194 1025 3275 Eusebius
1057 3193 1232 3280 desierat,
1266 3194 1356 3264 inde
1388 3197 1538 3267 initium

146 3338 333 3418 caperent.
385 3321 501 3390 Porro
526 3319 689 3395 eundern
717 3320 830 3389 etiarn
854 3322 1049 3412 utriusque
1078 3320 1253 3391 historiae
1278 3323 1540 3395 ecclesiasticae

146 3454 318 3558 Valesius
344 3449 474 3519 statuit
501 3450 626 3517 finem.
687 3450 766 3542 Qua
794 3448 985 3517 tamenin
1019 3469 1062 3515 re
1086 3446 1398 3519 inconsiderantia
1419 3453 1542 3545 lapsus

151 3595 218 3649 est.
280 3580 372 3649 Nam
404 3576 568 3657 Socrates
600 3570 774 3667 quidem,
807 3574 906 3668 quod
943 3576 983 3645 in
1017 3576 1091 3645 fine
1117 3574 1195 3667 ipse
1218 3574 1326 3662 dicit,
1351 3576 1542 3653 historiam

152 3731 259 3779 suam
292 3718 408 3795 usque
438 3703 485 3771 ad
509 3704 619 3771 XVIL
643 3701 875 3772 consulatum
899 3701 1101 3773 Theodosii
1126 3704 1302 3786 iunioris,
1330 3704 1405 3773 sive
1428 3729 1544 3796 usque

151 3838 200 3905 ad
218 3856 361 3904 annum
377 3841 459 3913 439
483 3829 663 3913 extendit,
686 3832 909 3901 Sozomenus
926 3852 1010 3899 vero
1028 3829 1131 3899 hand
1155 3830 1313 3899 ulterius
1335 3852 1545 3927 progressus

155 3988 268 4059 quam
297 3962 343 4031 ad
367 3973 526 4030 mortem
555 3958 729 4042 Honorii,
764 3978 858 4047 quae
883 3956 1016 4027 accidit
1042 3965 1232 4039 annom
1249 3955 1314 4045 ⁴⁶).

156 4146 199 4156 ι.
283 4132 650 4151 „nume-..munan-

177 4253 183 4279 .·
221 4210 271 4294 46)
291 4212 440 4273 Socrates
470 4208 525 4269 lib.
543 4206 580 4269 ll.
605 4225 629 4265 c.
645 4208 697 4271 38.
719 4232 761 4247 -
804 4200 999 4263 Sozomenus
1021 4200 1131 4262 lib.ll.
1155 4206 1244 4268 c32.

222 4320 269 4403 ⁴⁶)
293 4322 487 4382 sozomenus
517 4320 552 4378 in
579 4314 780 4375 dedicatione
814 4312 852 4371 arl
882 4312 1099 4375 Theodosium
1123 4314 1286 4394 promittit
1308 4314 1461 4395 quide'm,
1481 4330 1548 4372 sesa

1293 4460 1318 4529 4
