4392 5559
1216 390 1504 479 ..36-

666 626 744 675 sete
779 600 1033 692 conscripsisse
1069 596 1208 691 partim
1243 619 1264 667 e
1295 596 1481 667 maiorum
1516 585 1799 677 traditionibus,
1838 590 1975 682 partim
2013 610 2073 657 ex
2188 583 2190 606 '

667 732 745 815 his,
772 752 868 819 quae
891 748 953 793 sua
974 727 1050 793 iam
1075 722 1257 791 memoria
1282 720 1639 812 comprehenderat,
1665 720 1705 787 in
1729 714 1960 808 praefatione
1982 717 2078 807 ipse
2188 721 2190 791 i

669 856 769 925 dicit.
823 850 1123 933 Nonnullorum,
1151 870 1246 939 quae
1272 871 1316 915 er
1337 848 1538 916 Athanasio
1562 847 1690 915 hausit
1707 846 1792 935 ¹²⁷),
1824 844 2076 915 secundarius
2188 824 2190 834 ¹

669 984 822 1053 demum
850 992 903 1045 est
935 976 1026 1047 fons.
1081 973 1153 1042 Sed
1178 974 1324 1042 etiamsi
1354 972 1408 1041 rei
1439 972 1519 1063 ipse
1550 959 1733 1063 spectator
1749 972 1821 1059 128)
1846 972 1960 1040 fuerit
1982 974 2074 1040 Ru·

668 1110 787 1193 linus,
829 1104 905 1173 sive
938 1102 1185 1195 spectantium
1203 1099 1274 1185 ¹2⁹)
1294 1101 1421 1167 afferat
1456 1092 1737 1184 auctoritatem,
1773 1120 1901 1168 rernm
1933 1112 2073 1166 temen
2188 1110 2190 1127 '

671 1298 1159 1328 ..-.---—-—--

794 1450 856 1493 nur
877 1423 1017 1503 scriptit,
1039 1422 1144 1499 iisque
1161 1420 1296 1483 historin
1317 1442 1419 1503 usqne
1442 1423 1483 1483 ud
1505 1433 1648 1482 mortem
1665 1420 1844 1480 Theodorii
1858 1420 1975 1502 Magni
1992 1441 2073 1503 per·
2188 1469 2189 1480 ,

794 1540 891 1600 ducta
913 1547 976 1603 ert,
1014 1550 1052 1591 ea
1076 1544 1187 1592 autem
1213 1535 1360 1609 rarione,
1397 1546 1434 1594 nt
1462 1532 1565 1593 muita
1594 1545 1786 1601 narrentur,
1822 1550 1902 1610 quae
1932 1536 2069 1595 incerta
2188 1513 2190 1572 i

795 1657 871 1711 runt
892 1655 924 1702 et
945 1658 1058 1721 parum
1081 1639 1266 1712 credibilia,
1289 1654 1321 1701 et
1343 1643 1534 1715 ostendunt,
1556 1641 1713 1702 Rufinum
1732 1640 1795 1699 fide
1816 1653 1850 1699 et
1870 1642 1986 1702 iudicio
2008 1644 2069 1701 in.
2188 1671 2189 1708 ;

796 1758 951 1816 seriorem
978 1768 1046 1809 erse
1067 1748 1241 1810 Eusebiof‘
1285 1749 1334 1810 ct.
1355 1750 1439 1810 Cave
1457 1752 1542 1812 Huc
1565 1762 1643 1809 tom.
1660 1751 1687 1814 Ῑ.
1708 1749 1769 1809 litt.
1791 1768 1861 1829 pag.
1882 1755 1957 1816 287.
2000 1752 2068 1810 Va-

795 1866 892 1925 lerius
914 1864 951 1922 iu
973 1872 1098 1921 annott.
1119 1861 1158 1919 ad
1181 1860 1316 1920 Socratis
1337 1860 1411 1921 libr.
1428 1859 1452 1919 l.
1474 1880 1540 1941 cap.
1555 1865 1608 1925 25.

676 2026 679 2035 .
715 1979 773 2055 ¹²⁷)
796 1972 1006 2034 Athanasium
1028 1969 1178 2049 pluribna
1199 1970 1278 2028 locis
1299 1971 1387 2029 citat.
1409 1970 1497 2028 Libr.
1519 1968 1544 2027 1.
1568 1984 1636 2045 cap.
1654 1970 1684 2031 8·
1708 1970 1759 2030 12.

718 2062 775 2167 ¹²⁸)
798 2082 955 2145 Rufinum
976 2080 1182 2159 Aegyptum,
1209 2076 1334 2156 Syriam
1351 2091 1447 2157 atque
1463 2076 1736 2156 Mesopotamiam
1758 2094 1957 2156 peragrarre,
1975 2078 2067 2139 mul·

795 2205 909 2271 taque,
940 2208 1021 2269 qnae
1042 2189 1158 2260 tradit,
1188 2187 1253 2247 anit
1275 2189 1376 2249 oculis
1405 2200 1580 2267 epectaere,
1612 2186 1776 2265 complura
1805 2186 1873 2245 loce
1895 2197 2067 2247 testantur.

796 2302 883 2363 Libr.
901 2298 942 2359 11.
972 2318 1038 2379 cap.
1061 2316 1090 2376 4.
1124 2298 1164 2357 de
1192 2297 1358 2358 monachis
1386 2316 1445 2377 per
1472 2298 1659 2377 Aegyptum
1692 2295 1884 2374 degentibus
1910 2301 2067 2359 termoci·

794 2428 877 2471 nana
898 2426 1001 2487 „qnae
1023 2424 1173 2487 praesent
1195 2407 1275 2475 vidi,
1298 2408 1361 2478 nit,
1382 2407 1513 2488 loquor,
1538 2420 1569 2468 et
1591 2424 1704 2465 eornm
1726 2419 1816 2485 gerra
1837 2406 1960 2479 refero,
1982 2428 2067 2487 quo·

796 2538 871 2580 rum
892 2519 928 2577 in
947 2517 1149 2595 pectionibm
1170 2517 1273 2575 tocius
1296 2534 1364 2575 erte
1388 2518 1589 2595 promerui.“
1613 2516 1665 2576 ct.
1686 2516 1773 2575 Libr.
1785 2516 1824 2575 11.
1847 2536 1915 2595 cap.
1934 2524 1964 2584 8.
1985 2518 2066 2579 Por-

796 2650 833 2691 ro
855 2626 944 2691 Libr.
962 2626 987 2686 Ι.
1010 2646 1076 2705 cap.
1098 2632 1149 2697 36.
1169 2624 1266 2685 dicit:
1288 2624 1409 2694 „Hunc
1430 2624 1660 2696 Theodorum,
1684 2626 1740 2703 qui
1761 2623 1818 2683 rub
1840 2624 1965 2685 iuliano
1986 2648 2063 2689 cru·

798 2740 900 2801 riatur
926 2735 1045 2797 tulerat
1069 2737 1243 2805 maximoe,
1270 2735 1334 2813 ipri
1357 2737 1558 2813 postmodum
1580 2733 1666 2819 apud
1686 2732 1892 2795 Antiochiam
1914 2736 2056 2801 vidimus

800 2850 882 2911 etc.“
923 2846 1013 2905 Libr.
1034 2845 1075 2904 11.
1098 2863 1165 2922 cap.
1182 2850 1213 2909 8.
1240 2844 1373 2903 tandem
1400 2848 1436 2904 in
1457 2847 1691 2926 Mesopotamia
1719 2862 1788 2904 rete
1813 2844 1923 2903 noterit
1943 2864 2062 2906 mona·
2188 2839 2189 2848 ¹

802 2958 876 3021 chor
904 2956 1029 3034 aliquot
1057 2955 1182 3015 ridicae.
1238 2952 1321 3014 Vide
1354 2953 1535 3016 Tillemont
1564 2955 1714 3016 Memoir.
1745 2953 1855 3014 ecclei.
1886 2966 1965 3015 torn.
1988 2956 2063 3017 xit.

796 3087 866 3150 pag.
889 3069 942 3131 43·
1760 3040 1768 3051 ·

719 3176 775 3257 ¹²⁹)
797 3176 884 3237 Libr.
908 3174 932 3235 i.
955 3192 1024 3253 cap.
1049 3180 1077 3239 5.
1102 3172 1141 3231 de
1164 3172 1347 3251 spyridone
1375 3192 1456 3251 qnae
1477 3173 1669 3244 tradiderit,
1705 3194 1774 3233 rere
1804 3194 1845 3235 ex
1873 3182 2062 3240 narratione

797 3288 875 3348 dicit
897 3302 1025 3357 eornm,
1047 3285 1103 3360 qui
1124 3282 1220 3341 illnm
1241 3282 1411 3352 vidissent,
1443 3284 1644 3361 comperisse.
1687 3282 1776 3346 Libr.
1796 3284 1822 3344 1.
1853 3305 1921 3365 cap.
1941 3293 1971 3355 9.
2000 3294 2063 3350 ita:
2188 3353 2189 3358 ,

800 3394 896 3475 Quod
917 3392 992 3453 Indi
1021 3390 1124 3451 fidem
1147 3388 1270 3451 Christi
1290 3391 1432 3472 amplexi
1461 3405 1555 3465 tunt,
1589 3412 1659 3455 non
1688 3396 1846 3473 opinione
1875 3396 1979 3476 vulgi,
2002 3398 2062 3476 ⁴red

798 3510 868 3585 ipro
876 3502 1004 3574 Edeaio,
1026 3500 1109 3581 Tyri
1125 3499 1311 3581 presbytero
1334 3502 1542 3580 postmodum
1564 3502 1660 3573 incto,
1681 3504 1933 3583 quiFrumentii
1955 3528 2060 3569 comet

796 3617 900 3697 primo
922 3612 1042 3681 iuerat,
1075 3608 1235 3669 referente
1264 3615 1483 3689 cognovimus.
1527 3612 1616 3672 Libr.
1637 3621 1666 3678 1.
1698 3620 1851 3692 cap.10.:
1888 3614 2060 3679 iberorum
2188 3599 2189 3664 Ϊ

742 3778 747 3791 .
797 3725 837 3786 ad
852 3720 1068 3785 Christianam
1093 3719 1286 3798 religionem
1320 3724 1562 3781 convertionem
1591 3722 1799 3782 fideiirsi'mur
1827 3725 1874 3783 vir
1894 3724 2061 3797 Bacurius,

797 3832 901 3919 gentio
920 3832 1020 3911 ipriur
1041 3848 1117 3903 rex,
1149 3840 1183 3888 et
1198 3828 1285 3905 apud
1307 3848 1364 3888 nor
1385 3831 1636 3893 domesticorum
1654 3849 1793 3901 comet,
1814 3834 1866 3891 cui
1880 3852 2009 3893 tumme
2028 3846 2062 3893 et
2081 3826 2089 3835 ’
2188 3825 2189 3836 ¹

793 3944 962 4023 religionis
985 3938 1181 4001 etveritatit
1204 3949 1392 4009 erotema,
1419 3944 1582 4019 expernit,
1620 3962 1694 4002 cum
1716 3942 1890 4003 nobiccum
1908 3942 2062 4003 Paleerti·
2188 3939 2190 4014 f

795 4056 832 4115 ni
852 4052 966 4112 limitis
982 4062 1060 4110 tuno
1079 4046 1160 4119 dux,
1182 4046 1414 4127 Hierosolymit
1435 4052 1510 4109 entia
1529 4051 1888 4131 unanimiterrlegeret.
1929 4051 2063 4113 Putate·

795 4165 899 4244 igitur
922 4158 1110 4219 Rniinnma
1130 4174 1239 4216 rarum
1263 4160 1396 4217 veritate
1416 4157 1569 4220 aberrare
1587 4179 1653 4221 non
1672 4162 1827 4238 potuine,
1850 4180 1943 4239 quar,
1966 4162 2065 4222 ricuti
2188 4151 2190 4154 ’

794 4270 950 4346 addimur,
971 4270 1039 4331 aire
1055 4265 1277 4349 ipoariierat,
1298 4268 1364 4329 rire
1380 4266 1426 4327 ab
1449 4268 1584 4332 ocularia
1605 4268 1867 4346 tentibus-reluta
1882 4283 2065 4351 acceperat·
