4392 5559
701 319 991 403 ..77-

139 517 223 587 Hic
251 519 351 588 enim
380 518 437 587 vir
461 538 538 587 non
561 519 682 589 solum
706 521 752 589 iis
774 520 1005 611 temporibus
1030 518 1141 604 vixit,
1177 518 1309 608 quibus
1330 520 1419 587 illae
1442 520 1544 589 rixae

140 642 313 731 maxime
348 642 545 736 vigebant,
596 666 727 711 verum
762 645 875 713 etiam
915 668 1043 714 earum
1082 657 1203 735 partes
1239 644 1316 737 egit
1357 642 1544 711 maximas·

143 770 247 843 Cum
275 789 361 835 vero
388 767 512 835 omnia
534 768 725 839 Athanasii
745 769 877 861 scripta
905 772 1202 839 numerosissima
1224 771 1276 837 ita
1298 769 1376 836 fere
1397 788 1543 857 compa·

144 909 231 963 rata
257 896 345 978 sint,
373 908 416 961 ut
441 908 588 983 praeter
608 917 664 963 res
683 892 908 989 dogmaticas
928 898 1110 967 nonnulla
1128 897 1297 965 historica
1322 915 1469 984 quoque
1484 890 1547 959 ad·

152 1020 273 1087 mixta
301 1020 482 1103 habeant,
512 1043 554 1089 ea
581 1022 703 1089 omnia
729 1034 952 1113 pertractare
979 1024 1134 1114 longum
1160 1022 1266 1089 foret.
1316 1022 1455 1087 Verum
1479 1038 1543 1109 po·

149 1147 228 1213 tius
249 1146 294 1213 iis
319 1147 555 1215 recensendis
579 1147 773 1215 commode
804 1148 1035 1237 acquiescere
1057 1170 1269 1239 possumus,
1302 1165 1463 1234 quorum
1485 1162 1541 1208 ar-

156 1286 387 1367 gumentum
413 1272 488 1340 siva
513 1292 616 1341 mere
641 1274 718 1343 sive
754 1277 954 1343 maximam
988 1276 1291 1366 saltempartem
1327 1268 1542 1341 historicum

157 1413 237 1483 est,
271 1398 481 1487 quibusque
508 1398 685 1484 Socratas,
709 1402 935 1469 Sozomenus
957 1422 999 1469 ac
1020 1400 1277 1471 Theodoretus
1303 1421 1390 1491 prae
1414 1390 1545 1465 ceteris

153 1526 214 1593 usi
234 1536 334 1592 sunt.
387 1523 468 1613 Qua
491 1524 642 1615 quidem
664 1522 708 1593 in
735 1548 775 1593 re
803 1529 855 1595 ita
880 1528 1131 1611 versabimur,
1161 1541 1205 1593 ut
1230 1529 1395 1617 primum
1421 1520 1544 1613 singu·

157 1649 283 1719 lorum
308 1665 527 1743 argumenta
558 1672 803 1741 exponamus,
838 1650 971 1717 deiude
1003 1649 1177 1719 addamas
1205 1648 1383 1741 epicrisin.
1437 1640 1544 1711 Ordi-

155 1798 244 1843 nem
284 1796 370 1843 vero
408 1798 496 1845 eum
529 1798 751 1871 sequemur,
792 1798 905 1867 quem
940 1776 1132 1845 constituit
1163 1771 1544 1851 doetissimusMont·

156 1902 303 1971 iaucon.

530 2160 724 2257 Apologia
751 2176 881 2235 contro
906 2162 1077 2234 Arianos
1095 2159 1175 2247 ¹⁰⁷).

262 2369 502 2453 Athanasius,
534 2392 580 2437 ex
601 2368 823 2439 serdicensis
852 2371 984 2461 synodi
1015 2370 1169 2440 decretis
1199 2393 1240 2439 ac
1277 2369 1547 2460 imperatorum

160 2496 367 2565 Constantis
387 2512 425 2565 et
442 2496 651 2565 Constantii
673 2498 772 2565 iussu
798 2498 937 2589 patriae
958 2521 1043 2567 suae
1066 2503 1268 2582 restitutus,
1294 2520 1378 2565 cum
1403 2514 1550 2585 compe·

161 2626 285 2706 risset,
321 2625 403 2692 illas
425 2620 569 2690 tamdiu
592 2624 738 2691 iactatas
760 2624 941 2713 totiesque
967 2624 1172 2706 confutatas
1204 2622 1476 2691 criminationes
1505 2620 1552 2691 de

167 2750 310 2819 Arsenii
338 2725 444 2831 nece,
469 2744 514 2813 de
540 2748 652 2815 calice
671 2748 804 2831 fracto,
833 2746 878 2816 de
903 2772 1025 2817 mensa
1046 2750 1217 2816 subversa
1236 2764 1305 2815 etc.
1325 2765 1476 2815 rursum
1503 2746 1549 2815 ab

168 2876 309 2945 Arianis
328 2872 553 2967 pervulgari,
579 2873 643 2963 qui
664 2874 777 2941 etiarn
792 2876 1013 2959 niterentur,
1040 2874 1132 2944 haec
1152 2876 1229 2966 ipsa
1250 2874 1373 2943 denuo
1390 2875 1429 2941 in
1450 2873 1549 2941 iudi-

169 3000 267 3069 cium
278 3022 411 3083 vocare,
425 3000 562 3067 hancce
578 2972 790 3091 apologiam
807 2998 938 3080 edidit,
958 2999 1020 3065 ubi
1039 3000 1137 3065 varia
1155 3011 1400 3066 monumenta
1416 3011 1454 3065 et
1470 2997 1548 3087 epi·

165 3126 277 3199 stolas
292 3126 338 3194 de
360 3125 431 3191 hac
453 3145 494 3189 ra
518 3123 739 3211 conscriptas
753 3122 791 3189 in
809 3144 928 3189 unum
942 3122 1114 3215 collegit,
1138 3136 1238 3189 ratus
1253 3123 1350 3189 nihil
1368 3143 1487 3211 aeque
1500 3123 1548 3191 ad

170 3252 225 3321 sui
245 3252 506 3345 purgationem
523 3247 811 3333 conducturum,
836 3270 877 3315 ac
896 3248 927 3317 si
939 3270 984 3317 ex
1000 3248 1086 3340 ipsis
1102 3270 1230 3317 rerum
1252 3261 1440 3341 gestarum
1461 3248 1551 3318 actia

214 3656 273 3735 ¹⁰²)
294 3654 383 3716 Haec
406 3654 560 3733 'apologia
586 3672 653 3713 non
682 3653 740 3715 diu
769 3668 838 3734 post
857 3654 1023 3717 Athanasii
1049 3676 1089 3715 ax
1112 3654 1252 3716 secundo
1277 3657 1375 3716 axilio
1395 3660 1554 3728 raditum,

295 3768 351 3845 qni
377 3781 462 3824 anno
478 3766 553 3831 347.
579 3766 729 3843 contigit,
746 3767 856 3826 scribi
879 3770 994 3846 potnit.
1037 3766 1147 3827 Prodit
1174 3766 1238 3827 boc
1262 3770 1422 3847 exipsius
1448 3770 1556 3847 apolo-

293 3878 397 3957 logiaa
412 3894 478 3953 cap.
500 3880 568 3944 59..
598 3873 656 3933 ubi
672 3874 883 3947 Athanasius,
908 3876 948 3937 de
971 3890 1133 3955 postremo
1156 3896 1212 3937 sno
1234 3878 1332 3938 axilio
1357 3896 1471 3959 agens,
1506 3880 1554 3940 ait

299 3984 404 4049 arev
426 3983 603 4059 πέπονθα,
636 4004 698 4065 qno
723 3984 861 4057 iudicat,
895 4005 929 4046 sa
956 3986 1052 4065 paulo
1078 3999 1150 4068 post
1177 3986 1319 4049 raditum
1346 4006 1441 4049 anum
1469 3988 1557 4051 bano

299 4098 480 4179 apologiam
507 4096 736 4175 conscripsisse.
1045 4098 1048 4105 ’
