<?xml version="1.0" encoding="UTF-8"?>
<!DOCTYPE html PUBLIC "-//W3C//DTD XHTML 1.0 Transitional//EN"
    "http://www.w3.org/TR/xhtml1/DTD/xhtml1-transitional.dtd">
<html xmlns="http://www.w3.org/1999/xhtml" xml:lang="en" lang="en">
 <head>
  <title>
</title>
<meta http-equiv="Content-Type" content="text/html;charset=utf-8" />
  <meta name='ocr-system' content='tesseract 3.04.00' />
  <meta name='ocr-capabilities' content='ocr_page ocr_carea ocr_par ocr_line ocrx_word'/>
</head>
<body>
  <div class='ocr_page' id='page_1' title='image "./commentatiodefo00holzgoog_0051.png"; bbox 0 0 4392 5559; ppageno 0'>
   <div class='ocr_carea' id='block_1_1' title="bbox 719 299 1010 393">
    <p class='ocr_par' dir='ltr' id='par_1_1' title="bbox 719 299 1010 393">
     <span class='ocr_line' id='line_1_1' title="bbox 719 299 1010 393; baseline -0.014 -31"><span class='ocrx_word' id='word_1_1' title='bbox 719 299 1010 393; x_wconf 67' lang='grc'>...47-</span> 
     </span>
    </p>
   </div>
   <div class='ocr_carea' id='block_1_2' title="bbox 152 500 1614 1109">
    <p class='ocr_par' dir='ltr' id='par_1_2' title="bbox 152 500 1614 1109">
     <span class='ocr_line' id='line_1_2' title="bbox 154 500 1614 599; baseline 0.003 -25"><span class='ocrx_word' id='word_1_2' title='bbox 154 504 389 575; x_wconf 86' lang='lat' dir='ltr'><strong>dubitamus.</strong></span> <span class='ocrx_word' id='word_1_3' title='bbox 450 500 671 599; x_wconf 78' lang='lat' dir='ltr'><strong>Quicunque</strong></span> <span class='ocrx_word' id='word_1_4' title='bbox 704 506 857 577; x_wconf 88' lang='lat' dir='ltr'><strong>demum</strong></span> <span class='ocrx_word' id='word_1_5' title='bbox 889 504 1023 594; x_wconf 73' lang='lat' dir='ltr'><strong>ille82)</strong></span> <span class='ocrx_word' id='word_1_6' title='bbox 1060 504 1198 592; x_wconf 84' lang='lat' dir='ltr'><strong>fuerit,</strong></span> <span class='ocrx_word' id='word_1_7' title='bbox 1244 506 1438 577; x_wconf 85' lang='lat' dir='ltr'><strong>consilium</strong></span> <span class='ocrx_word' id='word_1_8' title='bbox 1477 514 1556 598; x_wconf 87' lang='lat' dir='ltr'><strong>ejus</strong></span> <span class='ocrx_word' id='word_1_9' title='bbox 1604 510 1614 537; x_wconf 86' lang='lat'><strong><em>‘</em></strong></span> 
     </span>
     <span class='ocr_line' id='line_1_3' title="bbox 153 606 1554 726; baseline 0.002 -25"><span class='ocrx_word' id='word_1_10' title='bbox 153 646 306 714; x_wconf 78' lang='lat' dir='ltr'><strong>certum</strong></span> <span class='ocrx_word' id='word_1_11' title='bbox 330 648 394 703; x_wconf 84' lang='lat' dir='ltr'><strong>est.</strong></span> <span class='ocrx_word' id='word_1_12' title='bbox 444 634 578 703; x_wconf 88' lang='lat' dir='ltr'><strong>Procul</strong></span> <span class='ocrx_word' id='word_1_13' title='bbox 608 633 721 705; x_wconf 93' lang='lat' dir='ltr'><strong>dubio</strong></span> <span class='ocrx_word' id='word_1_14' title='bbox 746 635 786 703; x_wconf 95' lang='lat' dir='ltr'><strong>id</strong></span> <span class='ocrx_word' id='word_1_15' title='bbox 812 636 921 703; x_wconf 89' lang='lat' dir='ltr'><strong>unice</strong></span> <span class='ocrx_word' id='word_1_16' title='bbox 944 606 1128 726; x_wconf 67' lang='lat' dir='ltr'><strong>spectavit</strong></span> <span class='ocrx_word' id='word_1_17' title='bbox 1150 630 1296 716; x_wconf 79' lang='lat' dir='ltr'><strong>auctor,</strong></span> <span class='ocrx_word' id='word_1_18' title='bbox 1334 649 1375 701; x_wconf 90' lang='lat' dir='ltr'><strong>ut</strong></span> <span class='ocrx_word' id='word_1_19' title='bbox 1401 636 1554 704; x_wconf 85' lang='lat' dir='ltr'><strong>catholi-</strong></span> 
     </span>
     <span class='ocr_line' id='line_1_4' title="bbox 152 757 1566 851; baseline -0.001 -23"><span class='ocrx_word' id='word_1_20' title='bbox 152 782 221 828; x_wconf 84' lang='lat' dir='ltr'><strong>cae</strong></span> <span class='ocrx_word' id='word_1_21' title='bbox 248 758 336 827; x_wconf 80' lang='lat' dir='ltr'><strong>ndei</strong></span> <span class='ocrx_word' id='word_1_22' title='bbox 360 760 626 849; x_wconf 85' lang='lat' dir='ltr'><strong>praestantiam</strong></span> <span class='ocrx_word' id='word_1_23' title='bbox 651 780 737 851; x_wconf 84' lang='lat' dir='ltr'><strong>prae</strong></span> <span class='ocrx_word' id='word_1_24' title='bbox 761 762 1072 830; x_wconf 81' lang='lat' dir='ltr'><strong>Manichaeorum</strong></span> <span class='ocrx_word' id='word_1_25' title='bbox 1103 758 1267 842; x_wconf 86' lang='lat' dir='ltr'><strong>haeresi,</strong></span> <span class='ocrx_word' id='word_1_26' title='bbox 1301 758 1345 825; x_wconf 89' lang='lat' dir='ltr'><strong>in</strong></span> <span class='ocrx_word' id='word_1_27' title='bbox 1372 757 1449 826; x_wconf 89' lang='lat' dir='ltr'><strong>dies</strong></span> <span class='ocrx_word' id='word_1_28' title='bbox 1476 780 1566 839; x_wconf 44' lang='grc' dir='ltr'><strong>τηατ</strong></span> 
     </span>
     <span class='ocr_line' id='line_1_5' title="bbox 156 884 1555 981; baseline -0.004 -27"><span class='ocrx_word' id='word_1_29' title='bbox 156 888 217 981; x_wconf 83' lang='lat' dir='ltr'><strong>gis</strong></span> <span class='ocrx_word' id='word_1_30' title='bbox 239 886 431 980; x_wconf 81' lang='lat' dir='ltr'><strong>magisque</strong></span> <span class='ocrx_word' id='word_1_31' title='bbox 453 898 559 953; x_wconf 87' lang='lat' dir='ltr'><strong>aucta</strong></span> <span class='ocrx_word' id='word_1_32' title='bbox 582 900 619 953; x_wconf 90' lang='lat' dir='ltr'><strong>et</strong></span> <span class='ocrx_word' id='word_1_33' title='bbox 642 884 754 955; x_wconf 89' lang='lat' dir='ltr'><strong>latius</strong></span> <span class='ocrx_word' id='word_1_34' title='bbox 776 886 926 972; x_wconf 85' lang='lat' dir='ltr'><strong>diffusa,</strong></span> <span class='ocrx_word' id='word_1_35' title='bbox 955 887 1147 978; x_wconf 88' lang='lat' dir='ltr'><strong>probaret.</strong></span> <span class='ocrx_word' id='word_1_36' title='bbox 1196 885 1303 978; x_wconf 89' lang='lat' dir='ltr'><strong>Quod</strong></span> <span class='ocrx_word' id='word_1_37' title='bbox 1330 906 1378 951; x_wconf 91' lang='lat' dir='ltr'><strong>an</strong></span> <span class='ocrx_word' id='word_1_38' title='bbox 1404 884 1440 952; x_wconf 88' lang='lat' dir='ltr'><strong>ei</strong></span> <span class='ocrx_word' id='word_1_39' title='bbox 1468 905 1555 953; x_wconf 90' lang='lat' dir='ltr'><strong>con·</strong></span> 
     </span>
     <span class='ocr_line' id='line_1_6' title="bbox 155 998 1555 1109; baseline -0.001 -30"><span class='ocrx_word' id='word_1_40' title='bbox 155 1012 288 1107; x_wconf 84' lang='lat' dir='ltr'><strong>tigerit</strong></span> <span class='ocrx_word' id='word_1_41' title='bbox 319 1010 494 1105; x_wconf 87' lang='lat' dir='ltr'><strong>probare,</strong></span> <span class='ocrx_word' id='word_1_42' title='bbox 533 1032 604 1078; x_wconf 89' lang='lat' dir='ltr'><strong>nec</strong></span> <span class='ocrx_word' id='word_1_43' title='bbox 627 1031 692 1097; x_wconf 86' lang='lat' dir='ltr'><strong>ne,</strong></span> <span class='ocrx_word' id='word_1_44' title='bbox 729 1028 908 1082; x_wconf 86' lang='lat' dir='ltr'><strong>anostro·</strong></span> <span class='ocrx_word' id='word_1_45' title='bbox 930 1015 1013 1085; x_wconf 92' lang='lat' dir='ltr'><strong>loco</strong></span> <span class='ocrx_word' id='word_1_46' title='bbox 1041 1015 1206 1081; x_wconf 89' lang='lat' dir='ltr'><strong>alienum</strong></span> <span class='ocrx_word' id='word_1_47' title='bbox 1240 1013 1336 1109; x_wconf 84' lang='lat' dir='ltr'><strong>foret</strong></span> <span class='ocrx_word' id='word_1_48' title='bbox 1371 998 1555 1101; x_wconf 83' lang='lat' dir='ltr'><strong>quaerere.</strong></span> 
     </span>
    </p>
   </div>
   <div class='ocr_carea' id='block_1_3' title="bbox 152 1135 1656 1227">
    <p class='ocr_par' dir='ltr' id='par_1_3' title="bbox 152 1135 1656 1227">
     <span class='ocr_line' id='line_1_7' title="bbox 152 1135 1656 1227; baseline -0.002 -22"><span class='ocrx_word' id='word_1_49' title='bbox 152 1138 238 1205; x_wconf 83' lang='lat' dir='ltr'><strong>Huc</strong></span> <span class='ocrx_word' id='word_1_50' title='bbox 266 1159 372 1219; x_wconf 83' lang='lat' dir='ltr'><strong>vero,</strong></span> <span class='ocrx_word' id='word_1_51' title='bbox 405 1150 595 1205; x_wconf 85' lang='lat' dir='ltr'><strong>auctorem</strong></span> <span class='ocrx_word' id='word_1_52' title='bbox 619 1152 787 1207; x_wconf 89' lang='lat' dir='ltr'><strong>nostrum</strong></span> <span class='ocrx_word' id='word_1_53' title='bbox 811 1140 973 1208; x_wconf 85' lang='lat' dir='ltr'><strong>Manetis</strong></span> <span class='ocrx_word' id='word_1_54' title='bbox 998 1140 1189 1207; x_wconf 88' lang='lat' dir='ltr'><strong>doctrinae</strong></span> <span class='ocrx_word' id='word_1_55' title='bbox 1211 1136 1311 1204; x_wconf 90' lang='lat' dir='ltr'><strong>haud</strong></span> <span class='ocrx_word' id='word_1_56' title='bbox 1334 1135 1554 1227; x_wconf 89' lang='lat' dir='ltr'><strong>imperitum</strong></span> <span class='ocrx_word' id='word_1_57' title='bbox 1651 1184 1656 1189; x_wconf 85' lang='lat'><em>-</em></span> 
     </span>
    </p>
   </div>
   <div class='ocr_carea' id='block_1_4' title="bbox 152 1261 1554 1607">
    <p class='ocr_par' dir='ltr' id='par_1_4' title="bbox 152 1261 1554 1607">
     <span class='ocr_line' id='line_1_8' title="bbox 153 1261 1554 1361; baseline -0.001 -32"><span class='ocrx_word' id='word_1_58' title='bbox 153 1264 228 1329; x_wconf 77' lang='lat' dir='ltr'><strong>fuis</strong></span> <span class='ocrx_word' id='word_1_59' title='bbox 216 1284 285 1345; x_wconf 91' lang='lat' dir='ltr'><strong>se,</strong></span> <span class='ocrx_word' id='word_1_60' title='bbox 317 1263 447 1353; x_wconf 85' lang='lat' dir='ltr'><strong>negari</strong></span> <span class='ocrx_word' id='word_1_61' title='bbox 469 1264 610 1353; x_wconf 88' lang='lat' dir='ltr'><strong>nequit.</strong></span> <span class='ocrx_word' id='word_1_62' title='bbox 664 1266 949 1333; x_wconf 85' lang='lat' dir='ltr'><strong>Nihilominus&#39;</strong></span> <span class='ocrx_word' id='word_1_63' title='bbox 939 1266 1058 1361; x_wconf 79' lang='lat' dir='ltr'><strong>agitur</strong></span> <span class='ocrx_word' id='word_1_64' title='bbox 1082 1265 1171 1332; x_wconf 89' lang='lat' dir='ltr'><strong>istae</strong></span> <span class='ocrx_word' id='word_1_65' title='bbox 1196 1261 1554 1354; x_wconf 85' lang='lat' dir='ltr'><strong>disputationesMa·</strong></span> 
     </span>
     <span class='ocr_line' id='line_1_9' title="bbox 152 1386 1554 1529; baseline -0.004 -71"><span class='ocrx_word' id='word_1_66' title='bbox 152 1390 253 1458; x_wconf 87' lang='lat' dir='ltr'><strong>netis</strong></span> <span class='ocrx_word' id='word_1_67' title='bbox 273 1386 465 1455; x_wconf 87' lang='lat' dir='ltr'><strong>doctrinae</strong></span> <span class='ocrx_word' id='word_1_68' title='bbox 492 1390 611 1458; x_wconf 83' lang='lat' dir='ltr'><strong>fontes</strong></span> <span class='ocrx_word' id='word_1_69' title='bbox 639 1405 809 1478; x_wconf 88' lang='lat' dir='ltr'><strong>manent,</strong></span> <span class='ocrx_word' id='word_1_70' title='bbox 835 1392 949 1529; x_wconf 84' lang='lat' dir='ltr'><strong>longe</strong></span> <span class='ocrx_word' id='word_1_71' title='bbox 978 1407 1107 1460; x_wconf 88' lang='lat' dir='ltr'><strong>tamen</strong></span> <span class='ocrx_word' id='word_1_72' title='bbox 1135 1389 1289 1458; x_wconf 88' lang='lat' dir='ltr'><strong>minoris</strong></span> <span class='ocrx_word' id='word_1_73' title='bbox 1314 1386 1554 1473; x_wconf 75' lang='lat' dir='ltr'><strong>auctoritatis,</strong></span> 
     </span>
     <span class='ocr_line' id='line_1_10' title="bbox 158 1510 694 1607; baseline 0.008 -24"><span class='ocrx_word' id='word_1_74' title='bbox 158 1536 271 1605; x_wconf 85' lang='lat' dir='ltr'><strong>quam</strong></span> <span class='ocrx_word' id='word_1_75' title='bbox 298 1510 327 1579; x_wconf 89' lang='lat' dir='ltr'><strong>si</strong></span> <span class='ocrx_word' id='word_1_76' title='bbox 353 1515 540 1607; x_wconf 81' lang='lat' dir='ltr'><strong>genuinae</strong></span> <span class='ocrx_word' id='word_1_77' title='bbox 562 1532 694 1589; x_wconf 87' lang='lat' dir='ltr'><strong>essent.</strong></span> 
     </span>
    </p>
   </div>
   <div class='ocr_carea' id='block_1_5' title="bbox 585 1721 1107 1819">
    <p class='ocr_par' dir='ltr' id='par_1_5' title="bbox 585 1721 1107 1819">
     <span class='ocr_line' id='line_1_11' title="bbox 585 1721 1107 1819; baseline -0.008 -24"><span class='ocrx_word' id='word_1_78' title='bbox 585 1722 788 1819; x_wconf 82' lang='lat' dir='ltr'><strong>Epistulae</strong></span> <span class='ocrx_word' id='word_1_79' title='bbox 825 1721 1107 1819; x_wconf 77' lang='lat' dir='ltr'><strong>imperatoriae.</strong></span> 
     </span>
    </p>
   </div>
   <div class='ocr_carea' id='block_1_6' title="bbox 75 1897 1554 2751">
    <p class='ocr_par' dir='ltr' id='par_1_6' title="bbox 75 1897 1554 2755">
     <span class='ocr_line' id='line_1_12' title="bbox 259 1897 1554 1997; baseline -0.005 -26"><span class='ocrx_word' id='word_1_80' title='bbox 259 1897 506 1997; x_wconf 68' lang='lat' dir='ltr'><strong>Constantini</strong></span> <span class='ocrx_word' id='word_1_81' title='bbox 525 1899 668 1995; x_wconf 74' lang='lat' dir='ltr'><strong>Magni</strong></span> <span class='ocrx_word' id='word_1_82' title='bbox 693 1904 855 1997; x_wconf 81' lang='lat' dir='ltr'><strong>epistoln</strong></span> <span class='ocrx_word' id='word_1_83' title='bbox 879 1903 927 1971; x_wconf 83' lang='lat' dir='ltr'><strong>nd</strong></span> <span class='ocrx_word' id='word_1_84' title='bbox 953 1900 1224 1971; x_wconf 78' lang='lat' dir='ltr'><strong>Alexandrum</strong></span> <span class='ocrx_word' id='word_1_85' title='bbox 1251 1900 1489 1994; x_wconf 80' lang='lat' dir='ltr'><strong>episcopum,</strong></span> <span class='ocrx_word' id='word_1_86' title='bbox 1516 1908 1554 1965; x_wconf 91' lang='lat' dir='ltr'><strong>et</strong></span> 
     </span>
     <span class='ocr_line' id='line_1_13' title="bbox 151 2023 1552 2123; baseline -0.005 -28"><span class='ocrx_word' id='word_1_87' title='bbox 151 2027 295 2097; x_wconf 85' lang='lat' dir='ltr'><strong>Arium</strong></span> <span class='ocrx_word' id='word_1_88' title='bbox 324 2029 607 2123; x_wconf 73' lang='lat' dir='ltr'><strong>presbyterum</strong></span> <span class='ocrx_word' id='word_1_89' title='bbox 658 2028 924 2097; x_wconf 84' lang='lat' dir='ltr'><strong>Constantinus</strong></span> <span class='ocrx_word' id='word_1_90' title='bbox 950 2027 1047 2095; x_wconf 83' lang='lat' dir='ltr'><strong>hanc</strong></span> <span class='ocrx_word' id='word_1_91' title='bbox 1072 2026 1264 2116; x_wconf 86' lang='lat' dir='ltr'><strong>epistolam</strong></span> <span class='ocrx_word' id='word_1_92' title='bbox 1293 2047 1360 2117; x_wconf 85' lang='lat' dir='ltr'><strong>per</strong></span> <span class='ocrx_word' id='word_1_93' title='bbox 1383 2023 1552 2104; x_wconf 84' lang='lat' dir='ltr'><strong>Hosiusn,</strong></span> 
     </span>
     <span class='ocr_line' id='line_1_14' title="bbox 153 2149 1552 2247; baseline -0.001 -30"><span class='ocrx_word' id='word_1_94' title='bbox 153 2150 358 2221; x_wconf 87' lang='lat' dir='ltr'><strong>Cordubae</strong></span> <span class='ocrx_word' id='word_1_95' title='bbox 375 2156 570 2244; x_wconf 87' lang='lat' dir='ltr'><strong>Hispaniae</strong></span> <span class='ocrx_word' id='word_1_96' title='bbox 598 2154 702 2225; x_wconf 87' lang='lat' dir='ltr'><strong>urbis</strong></span> <span class='ocrx_word' id='word_1_97' title='bbox 726 2178 946 2247; x_wconf 81' lang='lat' dir='ltr'><strong>episcopum</strong></span> <span class='ocrx_word' id='word_1_98' title='bbox 949 2206 961 2242; x_wconf 93' lang='lat'><strong>,</strong></span> <span class='ocrx_word' id='word_1_99' title='bbox 1000 2151 1260 2231; x_wconf 84' lang='lat' dir='ltr'><strong>Alexandriam</strong></span> <span class='ocrx_word' id='word_1_100' title='bbox 1287 2149 1408 2236; x_wconf 88' lang='lat' dir='ltr'><strong>misit,</strong></span> <span class='ocrx_word' id='word_1_101' title='bbox 1440 2163 1483 2217; x_wconf 89' lang='lat' dir='ltr'><strong>ut</strong></span> <span class='ocrx_word' id='word_1_102' title='bbox 1506 2149 1552 2219; x_wconf 90' lang='lat' dir='ltr'><strong>li·</strong></span> 
     </span>
     <span class='ocr_line' id='line_1_15' title="bbox 153 2276 1550 2379; baseline 0 -34"><span class='ocrx_word' id='word_1_103' title='bbox 153 2294 234 2347; x_wconf 85' lang='lat' dir='ltr'><strong>tem</strong></span> <span class='ocrx_word' id='word_1_104' title='bbox 262 2279 313 2347; x_wconf 90' lang='lat' dir='ltr'><strong>ibi</strong></span> <span class='ocrx_word' id='word_1_105' title='bbox 337 2296 503 2349; x_wconf 85' lang='lat' dir='ltr'><strong>exortam</strong></span> <span class='ocrx_word' id='word_1_106' title='bbox 528 2296 777 2379; x_wconf 76' lang='lat' dir='ltr'><strong>componeret.</strong></span> <span class='ocrx_word' id='word_1_107' title='bbox 828 2281 970 2375; x_wconf 83' lang='lat' dir='ltr'><strong>Scripta</strong></span> <span class='ocrx_word' id='word_1_108' title='bbox 995 2294 1051 2349; x_wconf 88' lang='lat' dir='ltr'><strong>est</strong></span> <span class='ocrx_word' id='word_1_109' title='bbox 1077 2278 1313 2349; x_wconf 87' lang='lat' dir='ltr'><strong>Nicomediae</strong></span> <span class='ocrx_word' id='word_1_110' title='bbox 1341 2293 1423 2371; x_wconf 84' lang='lat' dir='ltr'><strong>post</strong></span> <span class='ocrx_word' id='word_1_111' title='bbox 1450 2276 1550 2345; x_wconf 85' lang='lat' dir='ltr'><strong>deri·</strong></span> 
     </span>
     <span class='ocr_line' id='line_1_16' title="bbox 155 2403 1552 2505; baseline 0.001 -35"><span class='ocrx_word' id='word_1_112' title='bbox 155 2419 256 2471; x_wconf 88' lang='lat' dir='ltr'><strong>ctum</strong></span> <span class='ocrx_word' id='word_1_113' title='bbox 283 2404 487 2490; x_wconf 65' lang='lat' dir='ltr'><strong>Licinium,</strong></span> <span class='ocrx_word' id='word_1_114' title='bbox 521 2430 619 2477; x_wconf 89' lang='lat' dir='ltr'><strong>anno</strong></span> <span class='ocrx_word' id='word_1_115' title='bbox 645 2414 730 2487; x_wconf 66' lang='lat'><strong>324.</strong></span> <span class='ocrx_word' id='word_1_116' title='bbox 759 2412 931 2505; x_wconf 73' lang='lat' dir='ltr'><strong>Socrates¹</strong></span> <span class='ocrx_word' id='word_1_117' title='bbox 950 2407 984 2491; x_wconf 79' lang='grc' dir='ltr'><strong>Ι,</strong></span> <span class='ocrx_word' id='word_1_118' title='bbox 1009 2422 1043 2487; x_wconf 91' lang='lat'><strong>7.</strong></span> <span class='ocrx_word' id='word_1_119' title='bbox 1066 2406 1249 2504; x_wconf 85' lang='lat' dir='ltr'><strong>Eusebius</strong></span> <span class='ocrx_word' id='word_1_120' title='bbox 1266 2406 1342 2473; x_wconf 85' lang='lat' dir='ltr'><strong>Vit.</strong></span> <span class='ocrx_word' id='word_1_121' title='bbox 1367 2403 1490 2472; x_wconf 86' lang='lat' dir='ltr'><strong>Const.</strong></span> <span class='ocrx_word' id='word_1_122' title='bbox 1506 2407 1552 2489; x_wconf 91' lang='lat' dir='ltr'><strong>II,</strong></span> 
     </span>
     <span class='ocr_line' id='line_1_17' title="bbox 75 2504 1551 2625; baseline -0.001 -26"><span class='ocrx_word' id='word_1_123' title='bbox 75 2575 78 2577; x_wconf 97' lang='lat'>-</span> <span class='ocrx_word' id='word_1_124' title='bbox 158 2536 301 2607; x_wconf 70' lang='grc'><strong>64-72.</strong></span> <span class='ocrx_word' id='word_1_125' title='bbox 325 2532 507 2601; x_wconf 83' lang='lat' dir='ltr'><strong>Eusebius</strong></span> <span class='ocrx_word' id='word_1_126' title='bbox 540 2550 658 2603; x_wconf 87' lang='lat' dir='ltr'><strong>totam</strong></span> <span class='ocrx_word' id='word_1_127' title='bbox 685 2534 838 2603; x_wconf 88' lang='lat' dir='ltr'><strong>exhibet</strong></span> <span class='ocrx_word' id='word_1_128' title='bbox 864 2533 1076 2625; x_wconf 86' lang='lat' dir='ltr'><strong>epistolam,</strong></span> <span class='ocrx_word' id='word_1_129' title='bbox 1107 2504 1270 2601; x_wconf 72' lang='lat' dir='ltr'><strong>Socrates</strong></span> <span class='ocrx_word' id='word_1_130' title='bbox 1299 2530 1378 2603; x_wconf 89' lang='lat' dir='ltr'><strong>eius</strong></span> <span class='ocrx_word' id='word_1_131' title='bbox 1402 2542 1551 2597; x_wconf 86' lang='lat' dir='ltr'><strong>tantum</strong></span> 
     </span>
     <span class='ocr_line' id='line_1_18' title="bbox 154 2652 1550 2751; baseline 0.002 -33"><span class='ocrx_word' id='word_1_132' title='bbox 154 2668 324 2741; x_wconf 85' lang='lat' dir='ltr'><strong>partem,</strong></span> <span class='ocrx_word' id='word_1_133' title='bbox 351 2656 531 2729; x_wconf 89' lang='lat' dir='ltr'><strong>omittens</strong></span> <span class='ocrx_word' id='word_1_134' title='bbox 556 2658 730 2743; x_wconf 89' lang='lat' dir='ltr'><strong>initium,</strong></span> <span class='ocrx_word' id='word_1_135' title='bbox 760 2660 858 2751; x_wconf 88' lang='lat' dir='ltr'><strong>quod</strong></span> <span class='ocrx_word' id='word_1_136' title='bbox 882 2658 981 2751; x_wconf 87' lang='lat' dir='ltr'><strong>apud</strong></span> <span class='ocrx_word' id='word_1_137' title='bbox 999 2655 1205 2733; x_wconf 87' lang='lat' dir='ltr'><strong>Eusebium</strong></span> <span class='ocrx_word' id='word_1_138' title='bbox 1227 2662 1373 2735; x_wconf 72' lang='lat' dir='ltr'><strong>§lt-69.</strong></span> <span class='ocrx_word' id='word_1_139' title='bbox 1400 2652 1550 2747; x_wconf 84' lang='lat' dir='ltr'><strong>legitur.</strong></span> 
     </span>
    </p>
   </div>
   <div class='ocr_carea' id='block_1_7' title="bbox 153 2778 1550 2881">
    <p class='ocr_par' dir='ltr' id='par_1_7' title="bbox 153 2778 1550 2881">
     <span class='ocr_line' id='line_1_19' title="bbox 153 2778 1550 2881; baseline 0.001 -36"><span class='ocrx_word' id='word_1_140' title='bbox 153 2778 321 2848; x_wconf 85' lang='lat' dir='ltr'><strong>Eandem</strong></span> <span class='ocrx_word' id='word_1_141' title='bbox 346 2780 527 2873; x_wconf 87' lang='lat' dir='ltr'><strong>epistolae</strong></span> <span class='ocrx_word' id='word_1_142' title='bbox 560 2799 723 2877; x_wconf 86' lang='lat' dir='ltr'><strong>partem,</strong></span> <span class='ocrx_word' id='word_1_143' title='bbox 758 2808 871 2877; x_wconf 88' lang='lat' dir='ltr'><strong>quarn</strong></span> <span class='ocrx_word' id='word_1_144' title='bbox 896 2784 1062 2881; x_wconf 83' lang='lat' dir='ltr'><strong>Socrates</strong></span> <span class='ocrx_word' id='word_1_145' title='bbox 1093 2782 1225 2867; x_wconf 88' lang='lat' dir='ltr'><strong>habet,</strong></span> <span class='ocrx_word' id='word_1_146' title='bbox 1260 2780 1425 2851; x_wconf 84' lang='lat' dir='ltr'><strong>invenies</strong></span> <span class='ocrx_word' id='word_1_147' title='bbox 1450 2779 1550 2873; x_wconf 89' lang='lat' dir='ltr'><strong>apud</strong></span> 
     </span>
    </p>
   </div>
   <div class='ocr_carea' id='block_1_8' title="bbox 163 2950 365 2959">
    <p class='ocr_par' dir='ltr' id='par_1_8' title="bbox 163 2950 365 2959">
     <span class='ocr_line' id='line_1_20' title="bbox 163 2950 365 2959; baseline -0.005 0"><span class='ocrx_word' id='word_1_148' title='bbox 163 2951 209 2959; x_wconf 73' lang='grc'><strong>..-</strong></span> <span class='ocrx_word' id='word_1_149' title='bbox 228 2951 236 2958; x_wconf 89' lang='grc'><strong>-</strong></span> <span class='ocrx_word' id='word_1_150' title='bbox 256 2950 365 2959; x_wconf 77' lang='lat'><em>----.-.</em></span> 
     </span>
    </p>
   </div>
   <div class='ocr_carea' id='block_1_9' title="bbox 209 3028 1552 4248">
    <p class='ocr_par' dir='ltr' id='par_1_9' title="bbox 215 3028 1552 3922">
     <span class='ocr_line' id='line_1_21' title="bbox 215 3028 1549 3156; baseline 0.001 -34"><span class='ocrx_word' id='word_1_151' title='bbox 215 3062 263 3143; x_wconf 75' lang='lat'><strong>⁸²)</strong></span> <span class='ocrx_word' id='word_1_152' title='bbox 282 3060 475 3156; x_wconf 76' lang='lat' dir='ltr'><strong>Archelaum</strong></span> <span class='ocrx_word' id='word_1_153' title='bbox 494 3076 657 3123; x_wconf 87' lang='lat' dir='ltr'><strong>auctorem</strong></span> <span class='ocrx_word' id='word_1_154' title='bbox 677 3060 766 3121; x_wconf 88' lang='lat' dir='ltr'><strong>haud</strong></span> <span class='ocrx_word' id='word_1_155' title='bbox 788 3062 886 3129; x_wconf 81' lang='lat' dir='ltr'><strong>fuisse</strong></span> <span class='ocrx_word' id='word_1_156' title='bbox 902 3028 955 3121; x_wconf 31' lang='lat' dir='ltr'><strong>&#39;ex</strong></span> <span class='ocrx_word' id='word_1_157' title='bbox 979 3063 1037 3131; x_wconf 86' lang='lat' dir='ltr'><strong>iis,</strong></span> <span class='ocrx_word' id='word_1_158' title='bbox 1064 3082 1146 3140; x_wconf 87' lang='lat' dir='ltr'><strong>qnae</strong></span> <span class='ocrx_word' id='word_1_159' title='bbox 1174 3070 1273 3142; x_wconf 82' lang='lat' dir='ltr'><strong>sopra</strong></span> <span class='ocrx_word' id='word_1_160' title='bbox 1295 3062 1549 3142; x_wconf 77' lang='lat' dir='ltr'><strong>disputavimus,</strong></span> 
     </span>
     <span class='ocr_line' id='line_1_22' title="bbox 281 3156 1549 3251; baseline 0.002 -20"><span class='ocrx_word' id='word_1_161' title='bbox 281 3158 462 3231; x_wconf 81' lang='lat' dir='ltr'><strong>luculenter</strong></span> <span class='ocrx_word' id='word_1_162' title='bbox 483 3157 624 3251; x_wconf 80' lang='lat' dir='ltr'><strong>apparet.</strong></span> <span class='ocrx_word' id='word_1_163' title='bbox 666 3172 775 3250; x_wconf 85' lang='lat' dir='ltr'><strong>Quid,</strong></span> <span class='ocrx_word' id='word_1_164' title='bbox 799 3173 885 3251; x_wconf 84' lang='lat' dir='ltr'><strong>quod</strong></span> <span class='ocrx_word' id='word_1_165' title='bbox 899 3175 934 3233; x_wconf 91' lang='lat' dir='ltr'><strong>in</strong></span> <span class='ocrx_word' id='word_1_166' title='bbox 956 3156 1032 3249; x_wconf 87' lang='lat' dir='ltr'><strong>ipsis</strong></span> <span class='ocrx_word' id='word_1_167' title='bbox 1050 3174 1137 3231; x_wconf 81' lang='lat' dir='ltr'><strong>Actis</strong></span> <span class='ocrx_word' id='word_1_168' title='bbox 1153 3172 1236 3233; x_wconf 86' lang='lat' dir='ltr'><strong>alius</strong></span> <span class='ocrx_word' id='word_1_169' title='bbox 1255 3175 1406 3235; x_wconf 86' lang='lat' dir='ltr'><strong>innuitur</strong></span> <span class='ocrx_word' id='word_1_170' title='bbox 1426 3189 1549 3237; x_wconf 87' lang='lat' dir='ltr'><strong>auctor.</strong></span> 
     </span>
     <span class='ocr_line' id='line_1_23' title="bbox 277 3264 1551 3363; baseline 0.002 -20"><span class='ocrx_word' id='word_1_171' title='bbox 277 3282 361 3343; x_wconf 86' lang='lat' dir='ltr'><strong>Nam</strong></span> <span class='ocrx_word' id='word_1_172' title='bbox 387 3303 454 3363; x_wconf 84' lang='lat' dir='ltr'><strong>cap.</strong></span> <span class='ocrx_word' id='word_1_173' title='bbox 479 3292 533 3350; x_wconf 70' lang='lat'><strong>65.</strong></span> <span class='ocrx_word' id='word_1_174' title='bbox 564 3264 653 3343; x_wconf 80' lang='lat' dir='ltr'><strong>locus</strong></span> <span class='ocrx_word' id='word_1_175' title='bbox 680 3294 770 3342; x_wconf 83' lang='lat' dir='ltr'><strong>extat</strong></span> <span class='ocrx_word' id='word_1_176' title='bbox 795 3282 869 3341; x_wconf 86' lang='lat' dir='ltr'><strong>hic:</strong></span> <span class='ocrx_word' id='word_1_177' title='bbox 908 3280 1062 3359; x_wconf 84' lang='lat' dir='ltr'><strong>„Quibus</strong></span> <span class='ocrx_word' id='word_1_178' title='bbox 1082 3280 1193 3361; x_wconf 83' lang='lat' dir='ltr'><strong>postea</strong></span> <span class='ocrx_word' id='word_1_179' title='bbox 1209 3282 1353 3361; x_wconf 78' lang='lat' dir='ltr'><strong>agnitis,</strong></span> <span class='ocrx_word' id='word_1_180' title='bbox 1380 3284 1551 3346; x_wconf 80' lang='lat' dir='ltr'><strong>Archelaus</strong></span> 
     </span>
     <span class='ocr_line' id='line_1_24' title="bbox 278 3394 1552 3475; baseline 0.003 -22"><span class='ocrx_word' id='word_1_181' title='bbox 278 3394 397 3454; x_wconf 83' lang='lat' dir='ltr'><strong>adiecit</strong></span> <span class='ocrx_word' id='word_1_182' title='bbox 418 3412 456 3452; x_wconf 89' lang='lat' dir='ltr'><strong>ea</strong></span> <span class='ocrx_word' id='word_1_183' title='bbox 481 3394 583 3473; x_wconf 87' lang='lat' dir='ltr'><strong>priori</strong></span> <span class='ocrx_word' id='word_1_184' title='bbox 606 3394 840 3471; x_wconf 84' lang='lat' dir='ltr'><strong>disputationi,</strong></span> <span class='ocrx_word' id='word_1_185' title='bbox 869 3396 957 3453; x_wconf 88' lang='lat' dir='ltr'><strong>sicut</strong></span> <span class='ocrx_word' id='word_1_186' title='bbox 984 3412 1059 3472; x_wconf 85' lang='lat' dir='ltr'><strong>ego,</strong></span> <span class='ocrx_word' id='word_1_187' title='bbox 1098 3395 1154 3472; x_wconf 88' lang='lat' dir='ltr'><strong>qui</strong></span> <span class='ocrx_word' id='word_1_188' title='bbox 1174 3395 1340 3474; x_wconf 83' lang='lat' dir='ltr'><strong>inscripsi,</strong></span> <span class='ocrx_word' id='word_1_189' title='bbox 1374 3398 1411 3457; x_wconf 89' lang='lat' dir='ltr'><strong>io</strong></span> <span class='ocrx_word' id='word_1_190' title='bbox 1435 3398 1552 3475; x_wconf 87' lang='lat' dir='ltr'><strong>priori·</strong></span> 
     </span>
     <span class='ocr_line' id='line_1_25' title="bbox 281 3502 1551 3585; baseline 0.006 -24"><span class='ocrx_word' id='word_1_191' title='bbox 281 3502 341 3562; x_wconf 84' lang='lat' dir='ltr'><strong>bus</strong></span> <span class='ocrx_word' id='word_1_192' title='bbox 367 3508 535 3583; x_wconf 73' lang='lat' dir='ltr'><strong>exposui-⁴⁸</strong></span> <span class='ocrx_word' id='word_1_193' title='bbox 575 3506 672 3567; x_wconf 84' lang='lat' dir='ltr'><strong>Porro</strong></span> <span class='ocrx_word' id='word_1_194' title='bbox 702 3502 875 3565; x_wconf 81' lang='lat' dir='ltr'><strong>Heraclius</strong></span> <span class='ocrx_word' id='word_1_195' title='bbox 894 3502 1168 3566; x_wconf 83' lang='lat' dir='ltr'><strong>Chalcedonensii</strong></span> <span class='ocrx_word' id='word_1_196' title='bbox 1193 3507 1280 3585; x_wconf 83' lang='lat' dir='ltr'><strong>apud</strong></span> <span class='ocrx_word' id='word_1_197' title='bbox 1303 3507 1458 3570; x_wconf 88' lang='lat' dir='ltr'><strong>Photinm</strong></span> <span class='ocrx_word' id='word_1_198' title='bbox 1482 3511 1551 3571; x_wconf 87' lang='lat' dir='ltr'><strong>cod.</strong></span> 
     </span>
     <span class='ocr_line' id='line_1_26' title="bbox 278 3616 1551 3697; baseline 0.004 -19"><span class='ocrx_word' id='word_1_199' title='bbox 278 3618 331 3681; x_wconf 80' lang='lat'><strong>85.</strong></span> <span class='ocrx_word' id='word_1_200' title='bbox 381 3616 630 3697; x_wconf 79' lang='lat' dir='ltr'><strong>Hegemoninm</strong></span> <span class='ocrx_word' id='word_1_201' title='bbox 656 3616 816 3697; x_wconf 79' lang='lat' dir='ltr'><strong>quendam</strong></span> <span class='ocrx_word' id='word_1_202' title='bbox 846 3626 1013 3677; x_wconf 86' lang='lat' dir='ltr'><strong>auctorem</strong></span> <span class='ocrx_word' id='word_1_203' title='bbox 1036 3617 1158 3676; x_wconf 85' lang='lat' dir='ltr'><strong>asserit.</strong></span> <span class='ocrx_word' id='word_1_204' title='bbox 1201 3616 1265 3677; x_wconf 73' lang='lat' dir='ltr'><strong>set</strong></span> <span class='ocrx_word' id='word_1_205' title='bbox 1285 3636 1359 3679; x_wconf 88' lang='lat' dir='ltr'><strong>cnm</strong></span> <span class='ocrx_word' id='word_1_206' title='bbox 1382 3620 1551 3683; x_wconf 83' lang='lat' dir='ltr'><strong>Heraclius</strong></span> 
     </span>
     <span class='ocr_line' id='line_1_27' title="bbox 280 3726 1551 3812; baseline 0.009 -29"><span class='ocrx_word' id='word_1_207' title='bbox 280 3738 370 3783; x_wconf 82' lang='lat' dir='ltr'><strong>sexto</strong></span> <span class='ocrx_word' id='word_1_208' title='bbox 396 3726 531 3786; x_wconf 89' lang='lat' dir='ltr'><strong>demum</strong></span> <span class='ocrx_word' id='word_1_209' title='bbox 556 3727 686 3787; x_wconf 88' lang='lat' dir='ltr'><strong>saeculo</strong></span> <span class='ocrx_word' id='word_1_210' title='bbox 711 3727 896 3804; x_wconf 80' lang='lat' dir='ltr'><strong>scripserit,</strong></span> <span class='ocrx_word' id='word_1_211' title='bbox 933 3746 1007 3787; x_wconf 89' lang='lat' dir='ltr'><strong>cum</strong></span> <span class='ocrx_word' id='word_1_212' title='bbox 1033 3746 1127 3810; x_wconf 78' lang='lat' dir='ltr'><strong>porro</strong></span> <span class='ocrx_word' id='word_1_213' title='bbox 1151 3732 1335 3800; x_wconf 82' lang='lat' dir='ltr'><strong>nesciatur,</strong></span> <span class='ocrx_word' id='word_1_214' title='bbox 1371 3732 1461 3812; x_wconf 82' lang='lat' dir='ltr'><strong>unde</strong></span> <span class='ocrx_word' id='word_1_215' title='bbox 1488 3733 1551 3794; x_wconf 87' lang='lat' dir='ltr'><strong>hoc</strong></span> 
     </span>
     <span class='ocr_line' id='line_1_28' title="bbox 279 3832 1549 3922; baseline 0.009 -29"><span class='ocrx_word' id='word_1_216' title='bbox 279 3832 423 3895; x_wconf 83' lang='lat' dir='ltr'><strong>hauserit</strong></span> <span class='ocrx_word' id='word_1_217' title='bbox 442 3839 626 3915; x_wconf 85' lang='lat' dir='ltr'><strong>episcopus,</strong></span> <span class='ocrx_word' id='word_1_218' title='bbox 657 3856 734 3896; x_wconf 86' lang='lat' dir='ltr'><strong>cnm</strong></span> <span class='ocrx_word' id='word_1_219' title='bbox 753 3836 899 3916; x_wconf 85' lang='lat' dir='ltr'><strong>denique</strong></span> <span class='ocrx_word' id='word_1_220' title='bbox 921 3840 976 3917; x_wconf 86' lang='lat' dir='ltr'><strong>qui</strong></span> <span class='ocrx_word' id='word_1_221' title='bbox 1000 3838 1059 3899; x_wconf 90' lang='lat' dir='ltr'><strong>ille</strong></span> <span class='ocrx_word' id='word_1_222' title='bbox 1077 3840 1301 3922; x_wconf 84' lang='lat' dir='ltr'><strong>Hegemonius</strong></span> <span class='ocrx_word' id='word_1_223' title='bbox 1321 3842 1421 3905; x_wconf 78' lang='lat' dir='ltr'><strong>tueris</strong></span> <span class='ocrx_word' id='word_1_224' title='bbox 1442 3845 1549 3905; x_wconf 82' lang='lat' dir='ltr'><strong>aliun·</strong></span> 
     </span>
    </p>

    <p class='ocr_par' dir='ltr' id='par_1_10' title="bbox 209 3930 1551 4248">
     <span class='ocr_line' id='line_1_29' title="bbox 209 3930 1551 4025; baseline 0.009 -22"><span class='ocrx_word' id='word_1_225' title='bbox 209 3930 215 3939; x_wconf 60' lang='grc'><strong>’</strong></span> <span class='ocrx_word' id='word_1_226' title='bbox 279 3944 322 4005; x_wconf 83' lang='lat' dir='ltr'><strong>de</strong></span> <span class='ocrx_word' id='word_1_227' title='bbox 342 3966 468 4025; x_wconf 84' lang='lat' dir='ltr'><strong>prorsus</strong></span> <span class='ocrx_word' id='word_1_228' title='bbox 484 3967 549 4007; x_wconf 90' lang='lat' dir='ltr'><strong>non</strong></span> <span class='ocrx_word' id='word_1_229' title='bbox 565 3961 707 4017; x_wconf 85' lang='lat' dir='ltr'><strong>constet,</strong></span> <span class='ocrx_word' id='word_1_230' title='bbox 730 3948 911 4011; x_wconf 75' lang='lat' dir='ltr'><strong>etiamnum</strong></span> <span class='ocrx_word' id='word_1_231' title='bbox 927 3947 1028 4010; x_wconf 87' lang='lat' dir='ltr'><strong>dubia</strong></span> <span class='ocrx_word' id='word_1_232' title='bbox 1047 3966 1160 4013; x_wconf 80' lang='lat' dir='ltr'><strong>manet</strong></span> <span class='ocrx_word' id='word_1_233' title='bbox 1180 3972 1238 4012; x_wconf 86' lang='lat' dir='ltr'><strong>res.</strong></span> <span class='ocrx_word' id='word_1_234' title='bbox 1280 3953 1329 4014; x_wconf 81' lang='lat' dir='ltr'><strong>Ita</strong></span> <span class='ocrx_word' id='word_1_235' title='bbox 1348 3955 1449 4015; x_wconf 82' lang='lat' dir='ltr'><strong>etiarn</strong></span> <span class='ocrx_word' id='word_1_236' title='bbox 1467 3936 1551 4015; x_wconf 70' lang='lat' dir='ltr'><strong>tem·</strong></span> 
     </span>
     <span class='ocr_line' id='line_1_30' title="bbox 281 4058 1551 4141; baseline 0.007 -26"><span class='ocrx_word' id='word_1_237' title='bbox 281 4074 361 4135; x_wconf 85' lang='lat' dir='ltr'><strong>pus,</strong></span> <span class='ocrx_word' id='word_1_238' title='bbox 421 4078 484 4139; x_wconf 91' lang='lat' dir='ltr'><strong>quo</strong></span> <span class='ocrx_word' id='word_1_239' title='bbox 523 4061 605 4120; x_wconf 80' lang='lat' dir='ltr'><strong>istae</strong></span> <span class='ocrx_word' id='word_1_240' title='bbox 641 4058 874 4140; x_wconf 81' lang='lat' dir='ltr'><strong>disputationes</strong></span> <span class='ocrx_word' id='word_1_241' title='bbox 910 4060 1112 4141; x_wconf 84' lang='lat' dir='ltr'><strong>prodierint,</strong></span> <span class='ocrx_word' id='word_1_242' title='bbox 1168 4067 1353 4127; x_wconf 81' lang='lat' dir='ltr'><strong>accuratius</strong></span> <span class='ocrx_word' id='word_1_243' title='bbox 1396 4065 1551 4127; x_wconf 87' lang='lat' dir='ltr'><strong>constitui</strong></span> 
     </span>
     <span class='ocr_line' id='line_1_31' title="bbox 278 4170 405 4248; baseline 0.016 -17"><span class='ocrx_word' id='word_1_244' title='bbox 278 4170 405 4248; x_wconf 81' lang='lat' dir='ltr'><strong>nequis.</strong></span> 
     </span>
    </p>
   </div>
   <div class='ocr_carea' id='block_1_10' title="bbox 0 0 2201 5559">
    <p class='ocr_par' dir='ltr' id='par_1_11' title="bbox 0 0 2201 5559">
     <span class='ocr_line' id='line_1_32' title="bbox 0 0 2201 5559; baseline 0 0"><span class='ocrx_word' id='word_1_245' title='bbox 0 0 2201 5559; x_wconf 95' lang='lat' dir='ltr'><strong> </strong></span> 
     </span>
    </p>
   </div>
  </div>
 </body>
</html>
