4392 5559
1245 396 1535 485 ...00-

696 626 770 677 nas
821 602 880 673 Do
915 600 1069 671 decretis
1101 595 1232 689 synodi
1263 596 1448 669 Nicaenae
1481 600 1623 667 tomi
1659 622 1742 695 pag.
1770 609 1859 682 738.
1910 600 2093 669 Gelasins

697 732 793 801 ltin.
821 752 919 801 conc.
942 730 1019 799 Nic·
1046 730 1091 814 lis
1113 736 1173 809 34·
1200 726 1240 797 in
1266 724 1538 797 transientes.
1556 728 1687 797 concil.
1707 743 1800 798 tom.
1824 732 1869 798 11.
1898 752 1983 823 pag.
2002 738 2091 828 913.

697 858 881 955 Epiphan.
907 854 1083 929 Scholaat.
1109 856 1146 941 1,
1184 864 1241 935 11.

799 1066 894 1141 Iulii
910 1066 1072 1163 epistola
1098 1066 1148 1136 od
1173 1065 1314 1135 clerum
1341 1078 1379 1139 et
1401 1066 1581 1161 populum
1596 1066 1921 1137 Alexandrinum.
1960 1066 2090 1148 Iulios,

697 1196 835 1269 nomm
864 1196 1080 1287 episcopua,
1115 1192 1218 1261 clero
1247 1205 1286 1259 et
1315 1164 1459 1281 populo
1475 1191 1729 1263 Alexandrino
1760 1194 1971 1285 gratulatur
2001 1216 2090 1282 pro·

698 1336 780 1417 pter
803 1322 968 1393 reditum
993 1316 1193 1389 Athanasii.
1242 1314 1383 1407 Scripta
1415 1319 1569 1419 epistola
1594 1340 1692 1387 anno
1715 1324 1803 1397 346
1841 1320 2006 1389 Socrates
2028 1320 2089 1407 ll,

697 1456 757 1533 23.
810 1448 982 1519 Athones.
1007 1442 1117 1537 Apol.
1141 1456 1267 1513 contra
1287 1443 1410 1513 Arian.
1432 1458 1522 1513 tom.
1543 1446 1570 1512 1.
1594 1466 1679 1536 pag.
1705 1454 1787 1525 171.
1933 1534 1939 1543 .

799 1658 978 1734 Valentia
1005 1668 1042 1731 et
1064 1654 1221 1730 Uraacii
1248 1656 1412 1750 epistola
1443 1654 1493 1724 od
1517 1634 1675 1724 Iulium.
1727 1654 1937 1743 darentur,
1965 1682 2084 1749 quae·

697 1812 845 1882 cunque
868 1786 1047 1859 hactenus
1070 1784 1117 1855 da
1141 1780 1337 1853 Athanasio
1364 1778 1561 1863 dixissent,
1595 1800 1714 1847 meras
1735 1779 1845 1846 iuisae
1872 1782 2085 1871 calumnias,

697 1932 903 2017 rogantque
920 1914 1081 1995 Iulium,
1104 1922 1149 1979 ut
1172 1930 1210 1978 sa
1236 1906 1282 1977 ad
1309 1906 1611 1976 communionem
1638 1924 1744 1973 suam
1766 1904 1954 1975 admittat.
1988 1909 2080 1979 Scri-

695 2066 758 2147 pta
786 2058 839 2117 eat
864 2043 956 2111 haec
984 2034 1138 2133 epistola
1174 2034 1282 2104 sicuti
1310 2050 1467 2125 sequens
1490 2051 1589 2099 anno
1613 2036 1699 2111 348.
1753 2028 1979 2101 Sozemenus
2008 2038 2079 2123 ΙΙΙ,

694 2188 755 2261 23.
807 2170 976 2243 Atltanas.
991 2162 1098 2257 Apol.
1126 2162 1206 2233 adv.
1225 2162 1347 2232 Arion.
1362 2172 1452 2228 tom.
1472 2160 1500 2228 Ι.
1521 2180 1604 2253 pag.
1617 2166 1702 2240 176.
1749 2158 1915 2243 Hilarius
1938 2161 2076 2256 Fragm.

693 2328 727 2401 p.
743 2307 804 2387 24.
830 2296 955 2369 Monsi
977 2290 1130 2363 collect.
1153 2285 1282 2360 c'oncil.
1307 2302 1396 2357 tom.
1419 2289 1482 2355 Ill.
1505 2308 1588 2380 pag.
1622 2296 1705 2369 155
1815 2307 1817 2314 ι

757 2517 761 2526 “
793 2505 1012 2581 Eorundem
1048 2497 1211 2595 epistola
1242 2498 1293 2567 od
1323 2492 1594 2569 Athanasium.
1647 2496 1794 2593 Rogant
1820 2498 2077 2595 Athanasium,
2165 2523 2166 2590 ,

691 2652 734 2711 ut
759 2658 796 2707 aa
820 2633 866 2705 ad
890 2652 1017 2725 pacem
1042 2639 1078 2697 et
1101 2622 1336 2697 concordiam
1361 2622 1545 2720 admittat.
1596 2626 1737 2694 Sozam.
1764 2625 1832 2709 ΙΙΙ,
1854 2635 1925 2707 24.
1961 2628 2076 2697 Atha-
2165 2633 2166 2698 f

691 2784 764 2833 nus.
792 2758 897 2853 Apol.
927 2754 1008 2825 adr.
1042 2752 1166 2823 Arion.
1200 2764 1292 2817 tom.
1317 2752 1343 2816 Ι.
1375 2770 1460 2844 pag.
1498 2762 1581 2832 177.
1636 2750 1761 2821 Mansi
1790 2752 1940 2823 Collect.
1970 2778 2072 2830 conc.
2165 2731 2166 2736 ἵ

629 2872 631 2881 .
690 2908 780 2963 rom,
797 2888 857 2959 lli.
881 2906 960 2979 pag.
981 2889 1064 2963 158.
1115 2874 1171 2947 Ad
1199 2874 1287 2943 duas
1313 2874 1421 2943 hasce
1449 2875 1620 2967 epistolas
1651 2878 1736 2946 ride
1764 2904 1858 2971 qnae
1883 2884 2075 2971 praefatur

669 2984 813 3089 *necta
849 3010 947 3083 dibi.
980 3008 1048 3079 der
1078 3002 1463 3076 Kirclememcmmt.
1497 3002 1566 3074 dea
1597 3011 1634 3085 4.
1662 3030 1696 3076 u·
1723 3016 1757 3087 5.
1778 3007 1912 3081 Jahrb.
1947 3010 2013 3089 Tr.
2040 3023 2076 3093 ἲ.

687 3142 729 3219 S·
753 3150 837 3227 172-

791 3346 957 3441 Georgii
969 3342 1183 3419 Laodicena
1209 3342 1376 3438 episcopi
1395 3341 1559 3436 epistola
1580 3340 1910 3440 odMocedoninm,
1934 3350 2076 3429 Basili.

687 3500 773 3567 tarn,
809 3474 1062 3569 Cecropem,
1089 3468 1322 3563 Errgcnircm.
1373 3470 1546 3541 obsecrat
1576 3493 1656 3557 eos,
1689 3484 1732 3541 nt
1754 3476 1991 3566 Antiochiae,
2025 3483 2071 3551 ab

684 3604 853 3677 Eudoxio
877 3610 1044 3683 vexatae,
1075 3610 1300 3667 succurrant.
1349 3594 1445 3664 Data
1472 3612 1529 3667 est
1554 3600 1707 3690 epistola
1741 3598 1843 3671 anno
1869 3614 1958 3687 353.
2010 3608 2073 3677 Sa·

576 3758 579 3767 ’
683 3750 777 3803 torn.
802 3730 870 3815 tv,
899 3736 957 3811 13.
980 3724 1146 3795 Valesius
1170 3722 1376 3816 ad'Soaom.
1400 3724 1424 3791 l
1448 3724 1474 3793 l.
1498 3726 1653 3793 annotat
1677 3724 1790 3797 haec:
1814 3729 1939 3816 „Haec
1953 3730 2071 3805 Geor·

682 3854 736 3955 gii
760 3854 995 3927 Laodicensis
1021 3850 1178 3946 epistola
1206 3849 1379 3921 adversm
1401 3845 1612 3919 Eudoxiana
1645 3852 1796 3923 recitata
1830 3858 1983 3947 quidem
2018 3878 2074 3933 ost

682 3980 723 4055 in
750 3982 908 4055 concilio
927 3982 1141 4073 Ancyrano,
1175 3990 1224 4049 ut
1246 3976 1356 4047 docet
1378 3976 1612 4069 Epiphanius
1636 3977 1678 4047 in
1707 3982 1851 4053 haeresi
1875 3984 2072 4060 semiaria-

681 4126 838 4193 norum,
870 4126 944 4175 non
973 4121 1099 4175 tamen
1125 4106 1261 4197 scripta
1282 4116 1338 4173 est
1369 4100 1418 4171 ad
1451 4104 1641 4197 episcopas
1671 4080 1804 4197 synodi
1828 4112 2072 4211 Ancyraoae,

679 4248 726 4309 ut
749 4242 859 4329 patet.
879 4250 924 4301 tut
945 4228 1159 4299 nominibus
1180 4226 1457 4323 episcoporum,
1485 4251 1581 4324 quae
1601 4231 1666 4305 laio
1685 4232 1866 4329 legantur
1884 4238 1927 4307 in
1952 4244 2069 4319 fitur„
