4392 5559
1175 348 1470 437 r-68-

636 552 755 625 docer.
804 548 874 623 Sed
893 548 939 619 ab
962 550 1041 641 ipsa
1057 546 1197 640 synodo
1218 550 1426 644 improbata
1452 534 1528 623 est.
1560 536 1726 620 Socrutes
1742 550 1797 635 11,
1821 554 1883 631 ω
1914 547 2044 617 Atha·

638 703 714 749 nas.
736 680 794 747 De
823 675 968 767 synodis
991 692 1080 745 tom.
1102 678 1148 743 11.
1174 699 1257 771 pag.
1286 686 1374 761 746.
1425 678 1615 771 Epiphan.
1645 680 1793 747 Haeres.
1817 686 1879 757 73.
1910 672 1944 763 §.
1970 680 2042 753 25·

641 808 826 889 Hilarius,
859 803 923 894 qni
947 800 1090 891 synodo
1116 802 1312 892 interfuit,
1345 803 1485 873 Contra
1516 804 1705 874 Constant.
1727 802 1814 871 libr.
1832 802 1879 874 Il.
1915 798 1948 887 §.
1976 806 2042 879 13.
2186 822 2190 871 1

643 958 695 1025 sq.
746 936 856 1025 Oper.
871 946 961 999 torn.
974 932 1017 997 11.
1045 952 1126 1024 pag.
1144 940 1230 1029 537.
1280 931 1510 1023 Nicephorus
1528 930 1598 1015 lx,
1616 937 1679 1012 43.
1730 929 1854 999 Mansi
1877 926 2044 995 Collect.

642 1060 774 1133 concil.
800 1073 889 1128 tom.
916 1058 978 1125 ΙΙΙ.
1002 1062 1088 1137 319.

748 1312 866 1384 Fides
888 1310 1102 1405 raynerio,
1130 1310 1361 1404 upudlb'r'cen
1387 1321 1644 1404 congregato,
1669 1307 1919 1406 promulgata
1939 1323 2046 1373 euno
2193 1301 2194 1334 ¹

649 1448 735 1523 360.
786 1439 959 1509 Proxime
984 1435 1127 1507 accedit
1151 1437 1198 1506 ad
1221 1438 1377 1507 tertium
1400 1438 1514 1524 illud,
1553 1437 1653 1529 qnod
1675 1459 1786 1528 supra
1810 1452 2047 1503 commemo·

637 1568 830 1651 ravimus,
867 1564 1079 1655 symbolum
1103 1563 1232 1633 Sirmii
1256 1564 1420 1667 editum,
1445 1566 1517 1635 nisi
1543 1564 1642 1657 quod
1668 1564 1896 1634 locutionem
1922 1554 2044 1647 ὅμοιος

650 1692 734 1765 κατὰ
762 1689 871 1761 πάντα
901 1691 1178 1781 praetermittit.
1225 1692 1434 1761 Verborum
1469 1690 1570 1763 odoro
1601 1708 1714 1783 atque
1738 1687 1921 1770 ὑφώοτασις
1954 1706 2044 1753 usus

651 1824 766 1915 plane
787 1816 1033 1888 interdicitur.
1083 1818 1198 1885 Filius
1219 1817 1318 1886 Patri
1343 1835 1582 1911 nuncupatur
1611 1816 1739 1909 ὅμοιος.
1789 1820 1929 1886 Omnes
1952 1836 2043 1882 vero

652 1947 845 2041 opiniones
870 1946 971 2015 hisce
1002 1946 1211 2015 contrariae
1245 1942 1482 2015 damnentur.
1532 1945 1701 2015 Socrates
1724 1946 1864 2029 11,·41.
1915 1942 2045 2011 Theo·

653 2076 773 2147 duret.
794 2074 849 2158 11,
879 2082 941 2153 21.
993 2072 1167 2141 Athenas.
1217 2069 1277 2139 De
1305 2070 1454 2163 synodis
1487 2086 1578 2142 tom.
1602 2074 1647 2143 ll.
1691 2094 1776 2167 pag·
1797 2080 1887 2153 747·
1936 2072 2046 2143 Nice·

651 2202 793 2299 pharus
816 2200 887 2287 IX,
910 2206 971 2282 lt»
1022 2196 1147 2269 Mansi
1167 2197 1321 2267 Collect
1348 2196 1481 2268 concil.
1511 2212 1602 2269 tom.
1617 2197 1680 2269 111.
1706 2222 1787 2295 pag.
1811 2210 1897 2284 309.

755 2410 866 2479 Fidei
894 2409 1044 2479 libellus
1075 2433 1102 2478 a
1131 2376 1421 2479 Macedoniarn
1454 2408 1505 2479 ed
1538 2406 1739 2481 Liberium
1770 2413 1915 2487 missua
1946 2438 2045 2487 antro

655 2547 741 2635 365.
794 2534 1053 2603 Macedoniani
1069 2535 1208 2602 Romae
1232 2536 1403 2626 episcopo
1418 2536 1600 2605 Nicaenae
1615 2537 1703 2605 ndei
1721 2540 2042 2611 confirmationem

656 2666 830 2734 offerunt.
881 2664 1045 2731 Socrates
1066 2662 1136 2745 tv,
1167 2667 1226 2740 12.
1275 2660 1417 2767 Sozom·
1442 2664 1509 2749 vt,
1540 2675 1599 2746 11.
1649 2665 1833 2759 Epiphan.
1863 2668 2038 2742 scholast.

658 2792 750 2877 vn,
772 2795 864 2869 24..

762 2998 955 3089 Dialogus
969 2993 1192 3069 Constantii
1214 2998 1459 3095 imperatoris
1485 3022 1571 3072 cum
1586 3000 1761 3095 Liberis,
1799 3004 1941 3079 Romae
1972 3012 2048 3103 epi.

661 3149 784 3225 stopo,
838 3127 1076 3195 Constantius
1095 3126 1243 3193 Liberio
1268 3128 1491 3217 persuadere
1513 3130 1654 3215 studet,
1679 3147 1722 3200 ut
1745 3138 2048 3220 communicatio·

663 3280 712 3329 ne
735 3278 821 3325 cnm
844 3255 1044 3322 Athanasio
1067 3274 1145 3319 sese
1172 3252 1332 3322 abdicet.
1382 3255 1490 3347 Quod
1522 3278 1608 3326 cum
1642 3260 1809 3330 Liberius
1840 3282 2048 3341 constanter

663 3394 866 3463 recusaret,
909 3379 948 3446 in
972 3377 1170 3447 Thraciam
1199 3377 1383 3471 relegatus
1409 3396 1464 3448 est
1488 3403 1588 3451 anno
1613 3394 1699 3467 355.
1751 3388 1979 3463 Theodoret
2008 3396 2050 3482 ll,

667 3520 726 3591 15,
755 3509 838 3598 qui,
866 3526 914 3571 ne
939 3527 984 3573 ex
1007 3526 1075 3571 suo
1100 3502 1253 3596 ingenio
1281 3504 1469 3599 dialogum
1499 3510 1646 3579 fluxisse
1667 3529 1791 3604 putes,
1826 3516 1930 3587 addit
1963 3543 2049 3591 eum

665 3633 912 3728 perscriptum
940 3654 1017 3703 esse
1040 3653 1059 3698 a
1082 3630 1193 3714 riris,
1216 3632 1281 3719 qui
1304 3632 1372 3700 illo
1393 3647 1560 3726 ternpore
1582 3638 1767 3712 vixissent.
1808 3642 1865 3713 Cf.
1889 3644 2052 3719 Plancis

666 3756 893 3833 Geschichte
918 3760 986 3827 der
1007 3756 1153 3827 christi.
1184 3754 1316 3827 tirell.
1338 3755 1710 3856 Gerellschcstsuerf.
1738 3764 1805 3837 Ba.
1823 3780 1855 3848 1.
1879 3766 1920 3839 S.
1938 3780 2026 3857 274

766 3965 1077 4075 Quibusscriptis
1104 3964 1365 4059 originalibus,
1404 3991 1428 4037 a
1461 3970 1566 4041 nobis
1597 3972 1771 4073 deinceps
1796 3957 1991 4076 expositis,
2023 3987 2058 4057 si

663 4116 723 4175 ea,
749 4115 842 4183 quae
860 4092 957 4183 apud
979 4094 1096 4162 varios
1119 4108 1285 4162 auctores
1303 4094 1493 4189 leguntur,
1517 4099 1717 4195 diligenter
1738 4110 1839 4180 inter
1858 4134 1936 4179 sese
1952 4134 2054 4181 corn-

665 4218 870 4321 paraveris,
912 4222 1047 4293 multas
1082 4224 1281 4293 inhaerere
1319 4222 1580 4316 discrepantias
1610 4222 1815 4306 invenies(
1848 4238 1963 4309 Cuius
1998 4243 2065 4313 rei
