<?xml version="1.0" encoding="UTF-8"?>
<!DOCTYPE html PUBLIC "-//W3C//DTD XHTML 1.0 Transitional//EN"
    "http://www.w3.org/TR/xhtml1/DTD/xhtml1-transitional.dtd">
<html xmlns="http://www.w3.org/1999/xhtml" xml:lang="en" lang="en">
 <head>
  <title>
</title>
<meta http-equiv="Content-Type" content="text/html;charset=utf-8" />
  <meta name='ocr-system' content='tesseract 3.04.00' />
  <meta name='ocr-capabilities' content='ocr_page ocr_carea ocr_par ocr_line ocrx_word'/>
</head>
<body>
  <div class='ocr_page' id='page_1' title='image "./commentatiodefo00holzgoog_0033.png"; bbox 0 0 4392 5559; ppageno 0'>
   <div class='ocr_carea' id='block_1_1' title="bbox 584 332 994 425">
    <p class='ocr_par' dir='ltr' id='par_1_1' title="bbox 584 332 994 425">
     <span class='ocr_line' id='line_1_1' title="bbox 584 332 994 425; baseline 0.002 -1"><span class='ocrx_word' id='word_1_1' title='bbox 584 332 994 425; x_wconf 76' lang='lat'>&#39;···29··</span> 
     </span>
    </p>
   </div>
   <div class='ocr_carea' id='block_1_2' title="bbox 130 536 1544 1015">
    <p class='ocr_par' dir='ltr' id='par_1_2' title="bbox 130 536 1544 1015">
     <span class='ocr_line' id='line_1_2' title="bbox 142 536 1542 641; baseline 0 -28"><span class='ocrx_word' id='word_1_2' title='bbox 142 543 281 613; x_wconf 82' lang='lat' dir='ltr'><strong>saltem</strong></span> <span class='ocrx_word' id='word_1_3' title='bbox 302 536 528 623; x_wconf 84' lang='lat' dir='ltr'><strong>hauddubie</strong></span> <span class='ocrx_word' id='word_1_4' title='bbox 545 542 853 641; x_wconf 64' lang='lat' dir='ltr'><strong>indigitassetffll</strong></span> <span class='ocrx_word' id='word_1_5' title='bbox 909 549 1046 629; x_wconf 87' lang='lat' dir='ltr'><strong>Locus,</strong></span> <span class='ocrx_word' id='word_1_6' title='bbox 1067 564 1181 635; x_wconf 84' lang='lat' dir='ltr'><strong>quem</strong></span> <span class='ocrx_word' id='word_1_7' title='bbox 1208 543 1284 616; x_wconf 88' lang='lat' dir='ltr'><strong>huc</strong></span> <span class='ocrx_word' id='word_1_8' title='bbox 1308 540 1542 635; x_wconf 83' lang='lat' dir='ltr'><strong>potissimum</strong></span> 
     </span>
     <span class='ocr_line' id='line_1_3' title="bbox 146 670 1542 763; baseline -0.004 -24"><span class='ocrx_word' id='word_1_9' title='bbox 146 672 293 754; x_wconf 84' lang='lat' dir='ltr'><strong>refero,</strong></span> <span class='ocrx_word' id='word_1_10' title='bbox 328 685 429 741; x_wconf 86' lang='lat' dir='ltr'><strong>extat</strong></span> <span class='ocrx_word' id='word_1_11' title='bbox 452 672 532 743; x_wconf 89' lang='lat' dir='ltr'><strong>Lib.</strong></span> <span class='ocrx_word' id='word_1_12' title='bbox 554 674 582 740; x_wconf 92' lang='grc' dir='ltr'><strong>Ι.</strong></span> <span class='ocrx_word' id='word_1_13' title='bbox 609 694 639 743; x_wconf 87' lang='lat' dir='ltr'><strong>c.</strong></span> <span class='ocrx_word' id='word_1_14' title='bbox 656 682 717 752; x_wconf 83' lang='lat'><strong>20.</strong></span> <span class='ocrx_word' id='word_1_15' title='bbox 744 696 817 763; x_wconf 90' lang='lat' dir='ltr'><strong>quo</strong></span> <span class='ocrx_word' id='word_1_16' title='bbox 858 686 981 743; x_wconf 83' lang='lat' dir='ltr'><strong>totum</strong></span> <span class='ocrx_word' id='word_1_17' title='bbox 1006 672 1212 746; x_wconf 84' lang='lat' dir='ltr'><strong>Nicaenum</strong></span> <span class='ocrx_word' id='word_1_18' title='bbox 1242 670 1456 763; x_wconf 81' lang='lat' dir='ltr'><strong>symbolum</strong></span> <span class='ocrx_word' id='word_1_19' title='bbox 1479 686 1542 758; x_wconf 88' lang='lat' dir='ltr'><strong>ap·-</strong></span> 
     </span>
     <span class='ocr_line' id='line_1_4' title="bbox 147 796 1544 891; baseline -0.004 -26"><span class='ocrx_word' id='word_1_20' title='bbox 147 808 298 891; x_wconf 83' lang='lat' dir='ltr'><strong>pon&#39;ere</strong></span> <span class='ocrx_word' id='word_1_21' title='bbox 320 797 421 865; x_wconf 86' lang='lat' dir='ltr'><strong>neias</strong></span> <span class='ocrx_word' id='word_1_22' title='bbox 448 796 616 869; x_wconf 86' lang='lat' dir='ltr'><strong>iudicans</strong></span> <span class='ocrx_word' id='word_1_23' title='bbox 640 813 769 869; x_wconf 83' lang='lat' dir='ltr'><strong>auctor</strong></span> <span class='ocrx_word' id='word_1_24' title='bbox 794 800 1068 891; x_wconf 83' lang='lat' dir='ltr'><strong>superstitiosus</strong></span> <span class='ocrx_word' id='word_1_25' title='bbox 1097 799 1177 869; x_wconf 86' lang='lat' dir='ltr'><strong>eius</strong></span> <span class='ocrx_word' id='word_1_26' title='bbox 1207 811 1354 890; x_wconf 86' lang='lat' dir='ltr'><strong>partem</strong></span> <span class='ocrx_word' id='word_1_27' title='bbox 1380 808 1544 863; x_wconf 83' lang='lat' dir='ltr'><strong>tantum·</strong></span> 
     </span>
     <span class='ocr_line' id='line_1_5' title="bbox 130 902 1544 1015; baseline -0.01 -20"><span class='ocrx_word' id='word_1_28' title='bbox 130 902 261 995; x_wconf 74' lang='lat' dir='ltr'><strong>&#39;modo</strong></span> <span class='ocrx_word' id='word_1_29' title='bbox 278 924 463 1015; x_wconf 80' lang='lat' dir='ltr'><strong>apponit,</strong></span> <span class='ocrx_word' id='word_1_30' title='bbox 492 944 540 993; x_wconf 92' lang='lat' dir='ltr'><strong>ne</strong></span> <span class='ocrx_word' id='word_1_31' title='bbox 574 924 733 995; x_wconf 75' lang='lat' dir='ltr'><strong>fortassis</strong></span> <span class='ocrx_word' id='word_1_32' title='bbox 758 926 981 1015; x_wconf 60' lang='lat' dir='ltr'><strong>,mysterium</strong></span> <span class='ocrx_word' id='word_1_33' title='bbox 1022 939 1168 995; x_wconf 86' lang='lat' dir='ltr'><strong>sanctae</strong></span> <span class='ocrx_word' id='word_1_34' title='bbox 1200 921 1392 1004; x_wconf 72' lang='lat' dir='ltr'><strong>Trinitatis</strong></span> <span class='ocrx_word' id='word_1_35' title='bbox 1427 920 1467 987; x_wconf 92' lang='lat' dir='ltr'><strong>in</strong></span> <span class='ocrx_word' id='word_1_36' title='bbox 1490 937 1544 983; x_wconf 87' lang='lat' dir='ltr'><strong>sa·</strong></span> 
     </span>
    </p>
   </div>
   <div class='ocr_carea' id='block_1_3' title="bbox 141 1049 1652 1145">
    <p class='ocr_par' dir='ltr' id='par_1_3' title="bbox 141 1049 1652 1145">
     <span class='ocr_line' id='line_1_6' title="bbox 141 1049 1652 1145; baseline -0.009 -26"><span class='ocrx_word' id='word_1_37' title='bbox 141 1051 355 1129; x_wconf 52' lang='lat' dir='ltr'><strong>,oramentis</strong></span> <span class='ocrx_word' id='word_1_38' title='bbox 380 1049 587 1145; x_wconf 74' lang='lat' dir='ltr'><strong>catholicae</strong></span> <span class='ocrx_word' id='word_1_39' title='bbox 633 1052 806 1123; x_wconf 80' lang='lat' dir='ltr'><strong>ecclesiae</strong></span> <span class='ocrx_word' id='word_1_40' title='bbox 833 1050 936 1122; x_wconf 83' lang='lat' dir='ltr'><strong>haud</strong></span> <span class='ocrx_word' id='word_1_41' title='bbox 968 1051 1125 1123; x_wconf 87' lang='lat' dir='ltr'><strong>initiatis</strong></span> <span class='ocrx_word' id='word_1_42' title='bbox 1146 1052 1306 1143; x_wconf 82' lang='lat' dir='ltr'><strong>patefiat.</strong></span> <span class='ocrx_word' id='word_1_43' title='bbox 1379 1049 1544 1117; x_wconf 85' lang='lat' dir='ltr'><strong>Socrates</strong></span> <span class='ocrx_word' id='word_1_44' title='bbox 1646 1134 1652 1143; x_wconf 93' lang='lat'>.</span> 
     </span>
    </p>
   </div>
   <div class='ocr_carea' id='block_1_4' title="bbox 144 1169 1544 1774">
    <p class='ocr_par' dir='ltr' id='par_1_4' title="bbox 144 1169 1544 1774">
     <span class='ocr_line' id='line_1_7' title="bbox 146 1169 1543 1270; baseline -0.006 -25"><span class='ocrx_word' id='word_1_45' title='bbox 146 1200 239 1247; x_wconf 83' lang='lat' dir='ltr'><strong>sero</strong></span> <span class='ocrx_word' id='word_1_46' title='bbox 264 1192 387 1246; x_wconf 83' lang='lat' dir='ltr'><strong>toturn</strong></span> <span class='ocrx_word' id='word_1_47' title='bbox 411 1175 503 1247; x_wconf 90' lang='lat' dir='ltr'><strong>illud</strong></span> <span class='ocrx_word' id='word_1_48' title='bbox 530 1176 743 1265; x_wconf 85' lang='lat' dir='ltr'><strong>symbolum</strong></span> <span class='ocrx_word' id='word_1_49' title='bbox 778 1178 930 1270; x_wconf 81' lang='lat' dir='ltr'><strong>exponit</strong></span> <span class='ocrx_word' id='word_1_50' title='bbox 965 1178 1133 1249; x_wconf 77' lang='lat' dir='ltr'><strong>licenter.</strong></span> <span class='ocrx_word' id='word_1_51' title='bbox 1190 1174 1354 1269; x_wconf 86' lang='lat' dir='ltr'><strong>Quodsi</strong></span> <span class='ocrx_word' id='word_1_52' title='bbox 1380 1169 1543 1241; x_wconf 85' lang='lat' dir='ltr'><strong>rescisis·</strong></span> 
     </span>
     <span class='ocr_line' id='line_1_8' title="bbox 144 1296 1544 1394; baseline -0.004 -25"><span class='ocrx_word' id='word_1_53' title='bbox 144 1316 203 1369; x_wconf 85' lang='lat' dir='ltr'><strong>set</strong></span> <span class='ocrx_word' id='word_1_54' title='bbox 236 1300 479 1386; x_wconf 78' lang='lat' dir='ltr'><strong>sozomenus,</strong></span> <span class='ocrx_word' id='word_1_55' title='bbox 507 1301 610 1371; x_wconf 87' lang='lat' dir='ltr'><strong>haud</strong></span> <span class='ocrx_word' id='word_1_56' title='bbox 645 1300 759 1373; x_wconf 88' lang='lat' dir='ltr'><strong>dubie</strong></span> <span class='ocrx_word' id='word_1_57' title='bbox 792 1296 984 1394; x_wconf 83' lang='lat' dir='ltr'><strong>obliquam</strong></span> <span class='ocrx_word' id='word_1_58' title='bbox 1020 1304 1153 1373; x_wconf 86' lang='lat' dir='ltr'><strong>saltem</strong></span> <span class='ocrx_word' id='word_1_59' title='bbox 1184 1299 1387 1369; x_wconf 82' lang='lat' dir='ltr'><strong>addidisset</strong></span> <span class='ocrx_word' id='word_1_60' title='bbox 1416 1312 1544 1386; x_wconf 86' lang='lat' dir='ltr'><strong>repre.-</strong></span> 
     </span>
     <span class='ocr_line' id='line_1_9' title="bbox 144 1413 1543 1522; baseline -0.004 -27"><span class='ocrx_word' id='word_1_61' title='bbox 144 1425 378 1497; x_wconf 87' lang='lat' dir='ltr'><strong>lrensionem.</strong></span> <span class='ocrx_word' id='word_1_62' title='bbox 430 1428 525 1499; x_wconf 87' lang='lat' dir='ltr'><strong>Nam</strong></span> <span class='ocrx_word' id='word_1_63' title='bbox 567 1430 739 1522; x_wconf 89' lang='lat' dir='ltr'><strong>proiecto</strong></span> <span class='ocrx_word' id='word_1_64' title='bbox 770 1450 847 1499; x_wconf 93' lang='lat' dir='ltr'><strong>non</strong></span> <span class='ocrx_word' id='word_1_65' title='bbox 882 1444 939 1500; x_wconf 85' lang='lat' dir='ltr'><strong>est</strong></span> <span class='ocrx_word' id='word_1_66' title='bbox 972 1428 1311 1522; x_wconf 86' lang='lat' dir='ltr'><strong>superstitiosorum</strong></span> <span class='ocrx_word' id='word_1_67' title='bbox 1344 1413 1487 1508; x_wconf 84' lang='lat' dir='ltr'><strong>tacere,</strong></span> <span class='ocrx_word' id='word_1_68' title='bbox 1512 1421 1543 1490; x_wconf 83' lang='lat' dir='ltr'><strong>ai</strong></span> 
     </span>
     <span class='ocr_line' id='line_1_10' title="bbox 144 1554 1541 1643; baseline -0.001 -22"><span class='ocrx_word' id='word_1_69' title='bbox 144 1554 447 1643; x_wconf 77' lang='lat' dir='ltr'><strong>superstitionem</strong></span> <span class='ocrx_word' id='word_1_70' title='bbox 478 1578 585 1625; x_wconf 85' lang='lat' dir='ltr'><strong>suam</strong></span> <span class='ocrx_word' id='word_1_71' title='bbox 609 1558 664 1627; x_wconf 88' lang='lat' dir='ltr'><strong>ab·</strong></span> <span class='ocrx_word' id='word_1_72' title='bbox 685 1557 767 1627; x_wconf 85' lang='lat' dir='ltr'><strong>aliis</strong></span> <span class='ocrx_word' id='word_1_73' title='bbox 788 1556 922 1627; x_wconf 77' lang='lat' dir='ltr'><strong>laesam</strong></span> <span class='ocrx_word' id='word_1_74' title='bbox 956 1554 1095 1626; x_wconf 83' lang='lat' dir='ltr'><strong>rident.</strong></span> <span class='ocrx_word' id='word_1_75' title='bbox 1161 1554 1386 1626; x_wconf 86' lang='lat' dir='ltr'><strong>Sozomenus</strong></span> <span class='ocrx_word' id='word_1_76' title='bbox 1413 1567 1541 1623; x_wconf 87' lang='lat' dir='ltr'><strong>tamen</strong></span> 
     </span>
     <span class='ocr_line' id='line_1_11' title="bbox 145 1678 1009 1774; baseline 0.007 -27"><span class='ocrx_word' id='word_1_77' title='bbox 145 1678 196 1749; x_wconf 90' lang='lat' dir='ltr'><strong>de</strong></span> <span class='ocrx_word' id='word_1_78' title='bbox 232 1680 300 1755; x_wconf 86' lang='lat' dir='ltr'><strong>hac</strong></span> <span class='ocrx_word' id='word_1_79' title='bbox 340 1702 381 1751; x_wconf 85' lang='lat' dir='ltr'><strong>re</strong></span> <span class='ocrx_word' id='word_1_80' title='bbox 405 1682 644 1753; x_wconf 79' lang='lat' dir='ltr'><strong>novaculam</strong></span> <span class='ocrx_word' id='word_1_81' title='bbox 671 1682 826 1774; x_wconf 89' lang='lat' dir='ltr'><strong>quidem</strong></span> <span class='ocrx_word' id='word_1_82' title='bbox 850 1682 1009 1753; x_wconf 83' lang='lat' dir='ltr'><strong>addidit.</strong></span> 
     </span>
    </p>
   </div>
   <div class='ocr_carea' id='block_1_5' title="bbox 145 1932 1541 2535">
    <p class='ocr_par' dir='ltr' id='par_1_5' title="bbox 145 1932 1541 2535">
     <span class='ocr_line' id='line_1_12' title="bbox 246 1932 1541 2037; baseline -0.01 -30"><span class='ocrx_word' id='word_1_83' title='bbox 246 1938 349 2037; x_wconf 24' lang='lat' dir='ltr'><strong>&#39;Turn</strong></span> <span class='ocrx_word' id='word_1_84' title='bbox 385 1958 473 2007; x_wconf 83' lang='lat' dir='ltr'><strong>sero</strong></span> <span class='ocrx_word' id='word_1_85' title='bbox 507 1935 621 2007; x_wconf 80' lang='lat' dir='ltr'><strong>etiam</strong></span> <span class='ocrx_word' id='word_1_86' title='bbox 656 1938 764 2029; x_wconf 82' lang='lat' dir='ltr'><strong>plura</strong></span> <span class='ocrx_word' id='word_1_87' title='bbox 786 1935 901 2007; x_wconf 88' lang='lat' dir='ltr'><strong>habet</strong></span> <span class='ocrx_word' id='word_1_88' title='bbox 921 1939 1089 2009; x_wconf 75' lang='lat' dir='ltr'><strong>Socrates</strong></span> <span class='ocrx_word' id='word_1_89' title='bbox 1102 1935 1171 2026; x_wconf 79' lang='lat'><strong>⁵¹),</strong></span> <span class='ocrx_word' id='word_1_90' title='bbox 1196 1958 1294 2027; x_wconf 86' lang='lat' dir='ltr'><strong>qnae</strong></span> <span class='ocrx_word' id='word_1_91' title='bbox 1314 1932 1541 2005; x_wconf 76' lang='lat' dir='ltr'><strong>sozomenus</strong></span> 
     </span>
     <span class='ocr_line' id='line_1_13' title="bbox 147 2054 1540 2161; baseline -0.007 -28"><span class='ocrx_word' id='word_1_92' title='bbox 147 2064 283 2135; x_wconf 80' lang='lat' dir='ltr'><strong>intacta</strong></span> <span class='ocrx_word' id='word_1_93' title='bbox 318 2086 466 2157; x_wconf 86' lang='lat' dir='ltr'><strong>prorsus</strong></span> <span class='ocrx_word' id='word_1_94' title='bbox 495 2055 669 2155; x_wconf 78' lang='lat' dir='ltr'><strong>reliquit,</strong></span> <span class='ocrx_word' id='word_1_95' title='bbox 698 2062 797 2161; x_wconf 78' lang='lat' dir='ltr'><strong>qnpd</strong></span> <span class='ocrx_word' id='word_1_96' title='bbox 833 2064 974 2135; x_wconf 88' lang='lat' dir='ltr'><strong>mirum</strong></span> <span class='ocrx_word' id='word_1_97' title='bbox 1007 2076 1121 2147; x_wconf 82' lang='lat' dir='ltr'><strong>esset,</strong></span> <span class='ocrx_word' id='word_1_98' title='bbox 1148 2061 1180 2132; x_wconf 86' lang='lat' dir='ltr'><strong>si</strong></span> <span class='ocrx_word' id='word_1_99' title='bbox 1214 2066 1404 2133; x_wconf 83' lang='lat' dir='ltr'><strong>Socratem</strong></span> <span class='ocrx_word' id='word_1_100' title='bbox 1436 2054 1540 2146; x_wconf 57' lang='lat' dir='ltr'><strong>expif</strong></span> 
     </span>
     <span class='ocr_line' id='line_1_14' title="bbox 147 2188 1540 2285; baseline -0.005 -28"><span class='ocrx_word' id='word_1_101' title='bbox 147 2191 290 2259; x_wconf 83' lang='lat' dir='ltr'><strong>lasset.&#39;</strong></span> <span class='ocrx_word' id='word_1_102' title='bbox 320 2193 442 2281; x_wconf 70' lang='lat' dir='ltr'><strong>Atque</strong></span> <span class='ocrx_word' id='word_1_103' title='bbox 463 2188 565 2280; x_wconf 90' lang='lat' dir='ltr'><strong>apud</strong></span> <span class='ocrx_word' id='word_1_104' title='bbox 581 2191 893 2280; x_wconf 69' lang='lat' dir='ltr'><strong>Sozomenumn)</strong></span> <span class='ocrx_word' id='word_1_105' title='bbox 920 2212 1072 2283; x_wconf 88' lang='lat' dir='ltr'><strong>qnoque</strong></span> <span class='ocrx_word' id='word_1_106' title='bbox 1089 2190 1208 2260; x_wconf 88' lang='lat' dir='ltr'><strong>multa</strong></span> <span class='ocrx_word' id='word_1_107' title='bbox 1230 2190 1421 2285; x_wconf 80' lang='lat' dir='ltr'><strong>leguntur,</strong></span> <span class='ocrx_word' id='word_1_108' title='bbox 1444 2202 1540 2274; x_wconf 84' lang='lat' dir='ltr'><strong>quae</strong></span> 
     </span>
     <span class='ocr_line' id='line_1_15' title="bbox 145 2292 1538 2405; baseline -0.006 -18"><span class='ocrx_word' id='word_1_109' title='bbox 145 2316 303 2387; x_wconf 79' lang='lat' dir='ltr'><strong>mininie</strong></span> <span class='ocrx_word' id='word_1_110' title='bbox 338 2319 558 2399; x_wconf 71' lang='lat' dir='ltr'><strong>e‘Socrate,</strong></span> <span class='ocrx_word' id='word_1_111' title='bbox 591 2315 656 2405; x_wconf 88' lang='lat' dir='ltr'><strong>qui</strong></span> <span class='ocrx_word' id='word_1_112' title='bbox 686 2337 727 2385; x_wconf 86' lang='lat' dir='ltr'><strong>aa</strong></span> <span class='ocrx_word' id='word_1_113' title='bbox 757 2292 898 2402; x_wconf 80' lang='lat' dir='ltr'><strong>taceat,</strong></span> <span class='ocrx_word' id='word_1_114' title='bbox 927 2317 991 2388; x_wconf 86' lang='lat' dir='ltr'><strong>sed</strong></span> <span class='ocrx_word' id='word_1_115' title='bbox 1034 2315 1187 2387; x_wconf 84' lang='lat' dir='ltr'><strong>aliunde</strong></span> <span class='ocrx_word' id='word_1_116' title='bbox 1215 2329 1360 2388; x_wconf 87' lang='lat' dir='ltr'><strong>tentum</strong></span> <span class='ocrx_word' id='word_1_117' title='bbox 1383 2309 1538 2383; x_wconf 87' lang='lat' dir='ltr'><strong>haurire</strong></span> 
     </span>
     <span class='ocr_line' id='line_1_16' title="bbox 146 2436 1536 2535; baseline -0.008 -24"><span class='ocrx_word' id='word_1_118' title='bbox 146 2444 278 2535; x_wconf 87' lang='lat' dir='ltr'><strong>potnit.</strong></span> <span class='ocrx_word' id='word_1_119' title='bbox 340 2445 458 2513; x_wconf 86' lang='lat' dir='ltr'><strong>Porro</strong></span> <span class='ocrx_word' id='word_1_120' title='bbox 488 2464 574 2511; x_wconf 88' lang='lat' dir='ltr'><strong>cum</strong></span> <span class='ocrx_word' id='word_1_121' title='bbox 605 2444 831 2513; x_wconf 77' lang='lat' dir='ltr'><strong>Summanus</strong></span> <span class='ocrx_word' id='word_1_122' title='bbox 853 2458 1008 2530; x_wconf 86' lang='lat' dir='ltr'><strong>asserat,</strong></span> <span class='ocrx_word' id='word_1_123' title='bbox 1042 2441 1156 2535; x_wconf 91' lang='lat' dir='ltr'><strong>quod</strong></span> <span class='ocrx_word' id='word_1_124' title='bbox 1178 2457 1345 2516; x_wconf 87' lang='lat' dir='ltr'><strong>actorum</strong></span> <span class='ocrx_word' id='word_1_125' title='bbox 1377 2436 1536 2531; x_wconf 72' lang='lat' dir='ltr'><strong>origina-</strong></span> 
     </span>
    </p>
   </div>
   <div class='ocr_carea' id='block_1_6' title="bbox 153 2594 606 2617">
    <p class='ocr_par' dir='ltr' id='par_1_6' title="bbox 153 2594 606 2617">
     <span class='ocr_line' id='line_1_17' title="bbox 153 2594 606 2617; baseline 0.004 -6"><span class='ocrx_word' id='word_1_126' title='bbox 153 2594 606 2617; x_wconf 53' lang='lat' dir='ltr'><strong>m</strong></span> 
     </span>
    </p>
   </div>
   <div class='ocr_carea' id='block_1_7' title="bbox 206 2670 1535 2757">
    <p class='ocr_par' dir='ltr' id='par_1_7' title="bbox 206 2670 1535 2757">
     <span class='ocr_line' id='line_1_18' title="bbox 206 2670 1535 2757; baseline -0.002 -21"><span class='ocrx_word' id='word_1_127' title='bbox 206 2673 248 2755; x_wconf 76' lang='lat'><strong>⁵⁰)</strong></span> <span class='ocrx_word' id='word_1_128' title='bbox 270 2673 352 2737; x_wconf 86' lang='lat' dir='ltr'><strong>Sunt</strong></span> <span class='ocrx_word' id='word_1_129' title='bbox 379 2692 456 2737; x_wconf 84' lang='lat' dir='ltr'><strong>sans</strong></span> <span class='ocrx_word' id='word_1_130' title='bbox 485 2674 574 2747; x_wconf 87' lang='lat' dir='ltr'><strong>locs,</strong></span> <span class='ocrx_word' id='word_1_131' title='bbox 603 2675 719 2757; x_wconf 84' lang='lat' dir='ltr'><strong>quibus</strong></span> <span class='ocrx_word' id='word_1_132' title='bbox 747 2674 908 2739; x_wconf 87' lang='lat' dir='ltr'><strong>Socratem</strong></span> <span class='ocrx_word' id='word_1_133' title='bbox 939 2694 959 2737; x_wconf 89' lang='lat' dir='ltr'><strong>a</strong></span> <span class='ocrx_word' id='word_1_134' title='bbox 990 2675 1172 2739; x_wconf 85' lang='lat' dir='ltr'><strong>Soaomeuo</strong></span> <span class='ocrx_word' id='word_1_135' title='bbox 1208 2683 1294 2739; x_wconf 84' lang='lat' dir='ltr'><strong>tecte</strong></span> <span class='ocrx_word' id='word_1_136' title='bbox 1322 2670 1535 2752; x_wconf 75' lang='lat' dir='ltr'><strong>indigitatum</strong></span> 
     </span>
    </p>
   </div>
   <div class='ocr_carea' id='block_1_8' title="bbox 168 2782 1595 3194">
    <p class='ocr_par' dir='ltr' id='par_1_8' title="bbox 168 2782 1595 3194">
     <span class='ocr_line' id='line_1_19' title="bbox 244 2782 1534 2865; baseline 0 -24"><span class='ocrx_word' id='word_1_137' title='bbox 244 2804 338 2845; x_wconf 78' lang='lat' dir='ltr'><strong>esse</strong></span> <span class='ocrx_word' id='word_1_138' title='bbox 368 2786 467 2865; x_wconf 84' lang='lat' dir='ltr'><strong>possis</strong></span> <span class='ocrx_word' id='word_1_139' title='bbox 498 2785 665 2865; x_wconf 88' lang='lat' dir='ltr'><strong>suspicari.</strong></span> <span class='ocrx_word' id='word_1_140' title='bbox 709 2785 861 2847; x_wconf 76' lang='lat' dir='ltr'><strong>Attamen</strong></span> <span class='ocrx_word' id='word_1_141' title='bbox 891 2806 979 2848; x_wconf 87' lang='lat' dir='ltr'><strong>secus</strong></span> <span class='ocrx_word' id='word_1_142' title='bbox 1001 2800 1058 2852; x_wconf 87' lang='lat' dir='ltr'><strong>est.</strong></span> <span class='ocrx_word' id='word_1_143' title='bbox 1104 2787 1159 2849; x_wconf 87' lang='lat' dir='ltr'><strong>Sic</strong></span> <span class='ocrx_word' id='word_1_144' title='bbox 1181 2786 1327 2847; x_wconf 80' lang='lat' dir='ltr'><strong>Socrates</strong></span> <span class='ocrx_word' id='word_1_145' title='bbox 1346 2782 1488 2849; x_wconf 62' lang='lat' dir='ltr'><strong>libavi,</strong></span> <span class='ocrx_word' id='word_1_146' title='bbox 1507 2798 1534 2837; x_wconf 86' lang='lat' dir='ltr'><strong>c·</strong></span> 
     </span>
     <span class='ocr_line' id='line_1_20' title="bbox 270 2882 1536 2979; baseline -0.003 -23"><span class='ocrx_word' id='word_1_147' title='bbox 270 2903 319 2963; x_wconf 82' lang='lat'><strong>15.</strong></span> <span class='ocrx_word' id='word_1_148' title='bbox 342 2894 440 2956; x_wconf 84' lang='lat' dir='ltr'><strong>tradit</strong></span> <span class='ocrx_word' id='word_1_149' title='bbox 467 2882 627 2955; x_wconf 71' lang='lat' dir='ltr'><strong>loannem</strong></span> <span class='ocrx_word' id='word_1_150' title='bbox 657 2886 927 2975; x_wconf 78' lang='lat' dir='ltr'><strong>chrysostomum</strong></span> <span class='ocrx_word' id='word_1_151' title='bbox 945 2898 1119 2961; x_wconf 84' lang='lat' dir='ltr'><strong>Eudoxiae</strong></span> <span class='ocrx_word' id='word_1_152' title='bbox 1149 2903 1332 2979; x_wconf 78' lang='lat' dir='ltr'><strong>Augustae,</strong></span> <span class='ocrx_word' id='word_1_153' title='bbox 1354 2914 1436 2977; x_wconf 89' lang='lat' dir='ltr'><strong>quae</strong></span> <span class='ocrx_word' id='word_1_154' title='bbox 1459 2882 1536 2971; x_wconf 76' lang='lat' dir='ltr'><strong>Epi·</strong></span> 
     </span>
     <span class='ocr_line' id='line_1_21' title="bbox 168 3004 1533 3083; baseline 0.006 -22"><span class='ocrx_word' id='word_1_155' title='bbox 168 3052 171 3061; x_wconf 89' lang='lat'><em>.</em></span> <span class='ocrx_word' id='word_1_156' title='bbox 270 3004 428 3083; x_wconf 88' lang='lat' dir='ltr'><strong>phanium</strong></span> <span class='ocrx_word' id='word_1_157' title='bbox 467 3014 580 3063; x_wconf 85' lang='lat' dir='ltr'><strong>contra</strong></span> <span class='ocrx_word' id='word_1_158' title='bbox 619 3008 688 3062; x_wconf 87' lang='lat' dir='ltr'><strong>sese</strong></span> <span class='ocrx_word' id='word_1_159' title='bbox 723 3004 962 3079; x_wconf 83' lang='lat' dir='ltr'><strong>subornaverit,</strong></span> <span class='ocrx_word' id='word_1_160' title='bbox 998 3012 1117 3070; x_wconf 85' lang='lat' dir='ltr'><strong>iratum</strong></span> <span class='ocrx_word' id='word_1_161' title='bbox 1157 3013 1338 3069; x_wconf 87' lang='lat' dir='ltr'><strong>orationem</strong></span> <span class='ocrx_word' id='word_1_162' title='bbox 1371 3004 1533 3069; x_wconf 71' lang='lat' dir='ltr'><strong>habuisses</strong></span> 
     </span>
     <span class='ocr_line' id='line_1_22' title="bbox 268 3110 1595 3194; baseline -0.001 -23"><span class='ocrx_word' id='word_1_163' title='bbox 268 3130 330 3194; x_wconf 89' lang='lat' dir='ltr'><strong>qua</strong></span> <span class='ocrx_word' id='word_1_164' title='bbox 363 3112 473 3171; x_wconf 87' lang='lat' dir='ltr'><strong>omnia</strong></span> <span class='ocrx_word' id='word_1_165' title='bbox 503 3110 679 3169; x_wconf 85' lang='lat' dir='ltr'><strong>mulierum</strong></span> <span class='ocrx_word' id='word_1_166' title='bbox 709 3112 784 3172; x_wconf 81' lang='lat' dir='ltr'><strong>sitia</strong></span> <span class='ocrx_word' id='word_1_167' title='bbox 817 3118 1071 3192; x_wconf 84' lang='lat' dir='ltr'><strong>perstrinxisset.</strong></span> <span class='ocrx_word' id='word_1_168' title='bbox 1125 3110 1326 3176; x_wconf 81' lang='lat' dir='ltr'><strong>Sozomenns</strong></span> <span class='ocrx_word' id='word_1_169' title='bbox 1353 3112 1428 3174; x_wconf 84' lang='lat' dir='ltr'><strong>libr.</strong></span> <span class='ocrx_word' id='word_1_170' title='bbox 1446 3110 1532 3171; x_wconf 84' lang='lat' dir='ltr'><strong>vm.</strong></span> <span class='ocrx_word' id='word_1_171' title='bbox 1589 3175 1595 3185; x_wconf 28' lang='lat'><strong><em>⁴</em></strong></span> 
     </span>
    </p>
   </div>
   <div class='ocr_carea' id='block_1_9' title="bbox 267 3216 1661 3304">
    <p class='ocr_par' dir='ltr' id='par_1_9' title="bbox 267 3216 1661 3304">
     <span class='ocr_line' id='line_1_23' title="bbox 267 3216 1661 3304; baseline -0.001 -20"><span class='ocrx_word' id='word_1_172' title='bbox 267 3242 293 3284; x_wconf 79' lang='lat' dir='ltr'><strong>c</strong></span> <span class='ocrx_word' id='word_1_173' title='bbox 312 3226 361 3291; x_wconf 67' lang='grc'><strong>16</strong></span> <span class='ocrx_word' id='word_1_174' title='bbox 389 3219 479 3283; x_wconf 86' lang='lat' dir='ltr'><strong>idem</strong></span> <span class='ocrx_word' id='word_1_175' title='bbox 510 3218 644 3281; x_wconf 82' lang='lat' dir='ltr'><strong>tradens</strong></span> <span class='ocrx_word' id='word_1_176' title='bbox 666 3220 760 3281; x_wconf 82' lang='lat' dir='ltr'><strong>¹addit</strong></span> <span class='ocrx_word' id='word_1_177' title='bbox 786 3216 831 3295; x_wconf 65' lang='lat' dir='ltr'><strong>sie</strong></span> <span class='ocrx_word' id='word_1_178' title='bbox 858 3239 947 3297; x_wconf 75' lang='grc' dir='ltr'><strong>τινες</strong></span> <span class='ocrx_word' id='word_1_179' title='bbox 975 3225 1126 3304; x_wconf 72' lang='grc' dir='ltr'><strong>λέγουσι.</strong></span> <span class='ocrx_word' id='word_1_180' title='bbox 1179 3225 1243 3287; x_wconf 85' lang='lat' dir='ltr'><strong>Sed</strong></span> <span class='ocrx_word' id='word_1_181' title='bbox 1265 3226 1365 3287; x_wconf 88' lang='lat' dir='ltr'><strong>sicuti</strong></span> <span class='ocrx_word' id='word_1_182' title='bbox 1385 3223 1533 3285; x_wconf 82' lang='lat' dir='ltr'><strong>Socrates</strong></span> <span class='ocrx_word' id='word_1_183' title='bbox 1657 3244 1661 3250; x_wconf 57' lang='lat'><strong>⁴</strong></span> 
     </span>
    </p>
   </div>
   <div class='ocr_carea' id='block_1_10' title="bbox 149 3330 1532 4303">
    <p class='ocr_par' dir='ltr' id='par_1_10' title="bbox 265 3330 1532 3510">
     <span class='ocr_line' id='line_1_24' title="bbox 268 3330 1532 3416; baseline 0.004 -21"><span class='ocrx_word' id='word_1_184' title='bbox 268 3352 352 3415; x_wconf 85' lang='lat' dir='ltr'><strong>quse</strong></span> <span class='ocrx_word' id='word_1_185' title='bbox 378 3333 419 3395; x_wconf 88' lang='lat' dir='ltr'><strong>ds</strong></span> <span class='ocrx_word' id='word_1_186' title='bbox 449 3332 579 3393; x_wconf 83' lang='lat' dir='ltr'><strong>Ioanne:</strong></span> <span class='ocrx_word' id='word_1_187' title='bbox 603 3330 704 3393; x_wconf 80' lang='lat' dir='ltr'><strong>tradit</strong></span> <span class='ocrx_word' id='word_1_188' title='bbox 742 3350 763 3392; x_wconf 88' lang='lat' dir='ltr'><strong>e</strong></span> <span class='ocrx_word' id='word_1_189' title='bbox 789 3333 1041 3399; x_wconf 79' lang='lat' dir='ltr'><strong>narrationibus·</strong></span> <span class='ocrx_word' id='word_1_190' title='bbox 1056 3333 1231 3399; x_wconf 78' lang='lat' dir='ltr'><strong>hominnm</strong></span> <span class='ocrx_word' id='word_1_191' title='bbox 1266 3334 1384 3411; x_wconf 82' lang='lat' dir='ltr'><strong>haesit,</strong></span> <span class='ocrx_word' id='word_1_192' title='bbox 1413 3337 1532 3416; x_wconf 84' lang='lat' dir='ltr'><strong>parites</strong></span> 
     </span>
     <span class='ocr_line' id='line_1_25' title="bbox 265 3444 598 3510; baseline -0.006 -3"><span class='ocrx_word' id='word_1_193' title='bbox 265 3448 363 3509; x_wconf 88' lang='lat' dir='ltr'><strong>etiarn</strong></span> <span class='ocrx_word' id='word_1_194' title='bbox 389 3444 598 3510; x_wconf 81' lang='lat' dir='ltr'><strong>Summanus.</strong></span> 
     </span>
    </p>

    <p class='ocr_par' dir='ltr' id='par_1_11' title="bbox 201 3526 1532 3965">
     <span class='ocr_line' id='line_1_26' title="bbox 201 3526 1531 3639; baseline 0.005 -24"><span class='ocrx_word' id='word_1_195' title='bbox 201 3554 244 3637; x_wconf 77' lang='lat'><strong>⁵¹)</strong></span> <span class='ocrx_word' id='word_1_196' title='bbox 266 3557 374 3619; x_wconf 83' lang='lat' dir='ltr'><strong>Veluti</strong></span> <span class='ocrx_word' id='word_1_197' title='bbox 395 3574 476 3636; x_wconf 86' lang='lat' dir='ltr'><strong>quse</strong></span> <span class='ocrx_word' id='word_1_198' title='bbox 498 3526 649 3617; x_wconf 74' lang='lat' dir='ltr'><strong>Socratas</strong></span> <span class='ocrx_word' id='word_1_199' title='bbox 661 3552 716 3615; x_wconf 89' lang='lat' dir='ltr'><strong>lib.</strong></span> <span class='ocrx_word' id='word_1_200' title='bbox 734 3552 758 3613; x_wconf 91' lang='grc' dir='ltr'><strong>Ι.</strong></span> <span class='ocrx_word' id='word_1_201' title='bbox 786 3572 812 3613; x_wconf 85' lang='lat' dir='ltr'><strong>c</strong></span> <span class='ocrx_word' id='word_1_202' title='bbox 829 3557 882 3621; x_wconf 83' lang='grc'><strong>24.</strong></span> <span class='ocrx_word' id='word_1_203' title='bbox 905 3552 945 3617; x_wconf 91' lang='lat' dir='ltr'><strong>de</strong></span> <span class='ocrx_word' id='word_1_204' title='bbox 968 3552 1170 3618; x_wconf 83' lang='lat' dir='ltr'><strong>Manichaeis</strong></span> <span class='ocrx_word' id='word_1_205' title='bbox 1190 3552 1310 3633; x_wconf 84' lang='lat' dir='ltr'><strong>hebet,</strong></span> <span class='ocrx_word' id='word_1_206' title='bbox 1332 3555 1531 3639; x_wconf 57' lang='lat' dir='ltr'><strong>momentis</strong></span> 
     </span>
     <span class='ocr_line' id='line_1_27' title="bbox 265 3650 1532 3747; baseline -0.003 -17"><span class='ocrx_word' id='word_1_207' title='bbox 265 3650 310 3730; x_wconf 85' lang='lat' dir='ltr'><strong>ne</strong></span> <span class='ocrx_word' id='word_1_208' title='bbox 341 3666 449 3747; x_wconf 77' lang='lat' dir='ltr'><strong>attigit</strong></span> <span class='ocrx_word' id='word_1_209' title='bbox 475 3662 620 3746; x_wconf 85' lang='lat' dir='ltr'><strong>quidem.</strong></span> <span class='ocrx_word' id='word_1_210' title='bbox 671 3663 771 3723; x_wconf 84' lang='lat' dir='ltr'><strong>Porro</strong></span> <span class='ocrx_word' id='word_1_211' title='bbox 800 3682 882 3743; x_wconf 86' lang='lat' dir='ltr'><strong>quse</strong></span> <span class='ocrx_word' id='word_1_212' title='bbox 903 3663 1049 3725; x_wconf 82' lang='lat' dir='ltr'><strong>Socrates</strong></span> <span class='ocrx_word' id='word_1_213' title='bbox 1070 3667 1129 3726; x_wconf 84' lang='lat' dir='ltr'><strong>snb</strong></span> <span class='ocrx_word' id='word_1_214' title='bbox 1152 3666 1340 3729; x_wconf 86' lang='lat' dir='ltr'><strong>Theodosio</strong></span> <span class='ocrx_word' id='word_1_215' title='bbox 1356 3668 1396 3731; x_wconf 89' lang='lat'><strong>11.</strong></span> <span class='ocrx_word' id='word_1_216' title='bbox 1422 3670 1457 3727; x_wconf 91' lang='lat' dir='ltr'><strong>in</strong></span> <span class='ocrx_word' id='word_1_217' title='bbox 1481 3687 1532 3727; x_wconf 87' lang='lat' dir='ltr'><strong>ec-</strong></span> 
     </span>
     <span class='ocr_line' id='line_1_28' title="bbox 268 3762 1531 3861; baseline -0.003 -21"><span class='ocrx_word' id='word_1_218' title='bbox 268 3780 364 3840; x_wconf 88' lang='lat' dir='ltr'><strong>clesia</strong></span> <span class='ocrx_word' id='word_1_219' title='bbox 395 3789 482 3859; x_wconf 82' lang='lat' dir='ltr'><strong>gesta</strong></span> <span class='ocrx_word' id='word_1_220' title='bbox 504 3777 656 3861; x_wconf 85' lang='lat' dir='ltr'><strong>exponit,</strong></span> <span class='ocrx_word' id='word_1_221' title='bbox 684 3792 721 3834; x_wconf 88' lang='lat' dir='ltr'><strong>ea</strong></span> <span class='ocrx_word' id='word_1_222' title='bbox 743 3774 838 3855; x_wconf 89' lang='lat' dir='ltr'><strong>plane</strong></span> <span class='ocrx_word' id='word_1_223' title='bbox 858 3762 1085 3855; x_wconf 83' lang='lat' dir='ltr'><strong>praetermittit</strong></span> <span class='ocrx_word' id='word_1_224' title='bbox 1107 3774 1305 3839; x_wconf 83' lang='lat' dir='ltr'><strong>Soaomenos</strong></span> <span class='ocrx_word' id='word_1_225' title='bbox 1334 3778 1374 3837; x_wconf 85' lang='lat' dir='ltr'><strong>ed</strong></span> <span class='ocrx_word' id='word_1_226' title='bbox 1402 3797 1452 3837; x_wconf 88' lang='lat' dir='ltr'><strong>res</strong></span> <span class='ocrx_word' id='word_1_227' title='bbox 1476 3798 1531 3857; x_wconf 90' lang='lat' dir='ltr'><strong>po·</strong></span> 
     </span>
     <span class='ocr_line' id='line_1_29' title="bbox 265 3884 1529 3965; baseline -0.001 -11"><span class='ocrx_word' id='word_1_228' title='bbox 265 3890 371 3953; x_wconf 86' lang='lat' dir='ltr'><strong>liticas</strong></span> <span class='ocrx_word' id='word_1_229' title='bbox 392 3888 554 3949; x_wconf 82' lang='lat' dir='ltr'><strong>aberrans.</strong></span> <span class='ocrx_word' id='word_1_230' title='bbox 600 3884 695 3965; x_wconf 89' lang='lat' dir='ltr'><strong>Quod</strong></span> <span class='ocrx_word' id='word_1_231' title='bbox 717 3887 749 3946; x_wconf 90' lang='lat' dir='ltr'><strong>ei</strong></span> <span class='ocrx_word' id='word_1_232' title='bbox 770 3884 890 3947; x_wconf 89' lang='lat' dir='ltr'><strong>merito</strong></span> <span class='ocrx_word' id='word_1_233' title='bbox 915 3886 992 3949; x_wconf 89' lang='lat' dir='ltr'><strong>sitio</strong></span> <span class='ocrx_word' id='word_1_234' title='bbox 1017 3886 1160 3949; x_wconf 81' lang='lat' dir='ltr'><strong>vertitur.</strong></span> <span class='ocrx_word' id='word_1_235' title='bbox 1203 3886 1368 3951; x_wconf 63' lang='lat' dir='ltr'><strong>&amp;nacta</strong></span> <span class='ocrx_word' id='word_1_236' title='bbox 1396 3886 1529 3953; x_wconf 77' lang='lat' dir='ltr'><strong>Christi·</strong></span> 
     </span>
    </p>

    <p class='ocr_par' dir='ltr' id='par_1_12' title="bbox 149 3994 1526 4303">
     <span class='ocr_line' id='line_1_30' title="bbox 149 3994 894 4080; baseline -0.007 -13"><span class='ocrx_word' id='word_1_237' title='bbox 149 4024 193 4061; x_wconf 56' lang='lat'><strong>³2</strong></span> <span class='ocrx_word' id='word_1_238' title='bbox 262 3996 654 4080; x_wconf 69' lang='lat' dir='ltr'><strong>Kirctrengmtu&#39;stt.</strong></span> <span class='ocrx_word' id='word_1_239' title='bbox 673 3994 709 4061; x_wconf 78' lang='lat' dir='ltr'><strong>S·</strong></span> <span class='ocrx_word' id='word_1_240' title='bbox 726 4000 803 4063; x_wconf 72' lang='lat'><strong>202·</strong></span> <span class='ocrx_word' id='word_1_241' title='bbox 828 4018 836 4023; x_wconf 90' lang='lat'>·</span> <span class='ocrx_word' id='word_1_242' title='bbox 890 4020 894 4027; x_wconf 74' lang='grc'><strong>’</strong></span> 
     </span>
     <span class='ocr_line' id='line_1_31' title="bbox 198 4101 1526 4193; baseline 0.001 -21"><span class='ocrx_word' id='word_1_243' title='bbox 198 4112 251 4193; x_wconf 75' lang='lat'>⁸²).</span> <span class='ocrx_word' id='word_1_244' title='bbox 264 4112 373 4191; x_wconf 83' lang='lat' dir='ltr'><strong>Quam</strong></span> <span class='ocrx_word' id='word_1_245' title='bbox 400 4109 599 4171; x_wconf 78' lang='lat' dir='ltr'><strong>Sosomesm</strong></span> <span class='ocrx_word' id='word_1_246' title='bbox 630 4107 689 4169; x_wconf 84' lang='lat' dir='ltr'><strong>lib.</strong></span> <span class='ocrx_word' id='word_1_247' title='bbox 706 4106 746 4169; x_wconf 80' lang='lat' dir='ltr'><strong>ti.</strong></span> <span class='ocrx_word' id='word_1_248' title='bbox 783 4126 809 4167; x_wconf 77' lang='lat' dir='ltr'><strong>o·</strong></span> <span class='ocrx_word' id='word_1_249' title='bbox 828 4109 851 4171; x_wconf 88' lang='lat' dir='ltr'><strong>S</strong></span> <span class='ocrx_word' id='word_1_250' title='bbox 867 4108 976 4173; x_wconf 84' lang='lat'>-16·</span> <span class='ocrx_word' id='word_1_251' title='bbox 1014 4101 1143 4185; x_wconf 80' lang='lat' dir='ltr'><strong>eopiosa</strong></span> <span class='ocrx_word' id='word_1_252' title='bbox 1170 4116 1298 4169; x_wconf 82' lang='lat' dir='ltr'><strong>enarret</strong></span> <span class='ocrx_word' id='word_1_253' title='bbox 1326 4104 1526 4173; x_wconf 78' lang='lat' dir='ltr'><strong>Christiano·</strong></span> 
     </span>
     <span class='ocr_line' id='line_1_32' title="bbox 227 4200 1382 4303; baseline 0.001 -20"><span class='ocrx_word' id='word_1_254' title='bbox 227 4200 232 4207; x_wconf 60' lang='grc'>’</span> <span class='ocrx_word' id='word_1_255' title='bbox 262 4238 337 4283; x_wconf 85' lang='lat' dir='ltr'><strong>rom</strong></span> <span class='ocrx_word' id='word_1_256' title='bbox 358 4221 395 4283; x_wconf 84' lang='lat' dir='ltr'><strong>in</strong></span> <span class='ocrx_word' id='word_1_257' title='bbox 416 4218 544 4281; x_wconf 79' lang='lat' dir='ltr'><strong>Perside</strong></span> <span class='ocrx_word' id='word_1_258' title='bbox 565 4218 844 4300; x_wconf 81' lang='lat' dir='ltr'><strong>persecutionem,</strong></span> <span class='ocrx_word' id='word_1_259' title='bbox 866 4234 941 4279; x_wconf 87' lang='lat' dir='ltr'><strong>esm</strong></span> <span class='ocrx_word' id='word_1_260' title='bbox 962 4215 1107 4281; x_wconf 81' lang='lat' dir='ltr'><strong>Socrates</strong></span> <span class='ocrx_word' id='word_1_261' title='bbox 1126 4217 1225 4303; x_wconf 81' lang='lat' dir='ltr'><strong>piane</strong></span> <span class='ocrx_word' id='word_1_262' title='bbox 1243 4222 1382 4303; x_wconf 77' lang='lat' dir='ltr'><strong>ignens</strong></span> 
     </span>
    </p>
   </div>
   <div class='ocr_carea' id='block_1_11' title="bbox 0 0 2200 5559">
    <p class='ocr_par' dir='ltr' id='par_1_13' title="bbox 0 0 2200 5559">
     <span class='ocr_line' id='line_1_33' title="bbox 0 0 2200 5559; baseline 0 0"><span class='ocrx_word' id='word_1_263' title='bbox 0 0 2200 5559; x_wconf 95' lang='lat' dir='ltr'><strong> </strong></span> 
     </span>
    </p>
   </div>
  </div>
 </body>
</html>
