4392 5559
727 336 1018 429 ..83..

160 530 333 609 fficium:
373 528 487 619 Ἀῧτός
512 533 579 629 γὰρ
604 532 623 607 d
648 536 761 634 κύριος
782 539 921 625 δικάσας
945 539 1187 623 ecciesiasticis
1208 547 1274 613 τῶν
1297 552 1371 635 περὶ
1392 535 1562 637 Ειίσὲβιον,

160 672 226 732 καὶ
265 668 307 761 τῇ
340 661 416 761 εὐχῇ
449 668 511 733 τοῦ
529 662 765 758 Ἀλεξάνδρου,
801 674 966 759 κατέκρινε
991 666 1053 749 τὴν
1074 664 1247 758 ’Anatim
1276 668 1421 761 αίρισιν,
1459 676 1562 756 δείξας

161 785 278 871 adsita
301 786 435 871 ἀνάξιον
456 783 562 862 οὖσαν
583 796 642 875 τῆς
667 798 930 877 ἕκκλησιαστικῆς
953 796 1141 873 κοινωνίας,
1175 801 1233 861 καὶ
1251 799 1336 863 πᾶσι
1356 794 1560 889 mareoticae,

163 913 223 1001 ὅτι
243 912 305 1009 xiie
328 915 421 1009 παρὰ
444 924 604 1005 βασιλέως
628 930 685 991 καὶ
707 918 837 990 πάντων
861 916 1050 1010 ἀνθρώπια
1070 920 1124 1014 ἔχῃ
1150 918 1211 1002 τὴν
1230 926 1452 1012 προστασίαν,
1475 923 1562 995 ἀλλὰ

165 1037 244 1131 παρ’
273 1038 374 1124 αὐτῆς
398 1046 458 1125 τῆς
486 1048 654 1129 ἐκκλησίας
678 1047 869 1135 κατεκρίθη.
921 1041 1079 1113 Διδόκται
1111 1034 1172 1111 οὗν
1200 1040 1242 1110 ori
1266 1050 1449 1136 θεοφανές,
1486 1047 1556 1119 ἄλλ’

166 1164 283 1251 ἀσεβὲς
315 1166 354 1234 τὸ
381 1166 870 1259 χριστιομοίχον·ἐργαστήριον
905 1172 970 1235 τῶν
996 1165 1266 1261 ’Λριιομανιτῶν,
1308 1170 1380 1239 hoc
1405 1172 1559 1264 inquam

169 1290 371 1376 iudicium,
397 1314 442 1361 ex
469 1293 659 1361 Athanasii
684 1295 838 1386 ingenio
865 1293 972 1362 unice
997 1292 1227 1383 profectum,
1252 1296 1426 1383 quilibet,
1448 1318 1560 1391 prout

145 1418 368 1510 ¹arbitrium
397 1432 471 1503 est,
503 1422 607 1489 salva'
628 1420 850 1489 narrationis
875 1418 1050 1502 veritate,
1089 1420 1163 1487 sive
1187 1422 1338 1510 probet,
1370 1426 1445 1493 sive
1473 1430 1560 1497 reii-

170 1550 252 1619 ciat.
302 1548 382 1637 lam
408 1568 494 1614 vero
522 1544 569 1615 de
599 1560 785 1637 ternpore,
822 1546 924 1628 loco,
963 1567 1038 1633 quo
1073 1559 1175 1638 gesta
1211 1547 1258 1615 sit
1289 1569 1365 1633 res,
1402 1550 1560 1641 aliisque

171 1689 365 1743 auctorum
390 1672 646 1763 discrepantiis
672 1694 692 1739 a
718 1672 802 1739 viris
836 1670 950 1738 doctis
982 1670 1216 1762 disceptatur.
1266 1676 1323 1740 De
1349 1676 1481 1763 quibus
1504 1692 1559 1745 ta-

173 1822 259 1871 men
273 1800 476 1869 accuratius
496 1797 673 1868 disserere
688 1818 753 1865 nos
770 1796 1008 1887 supersedere
1027 1821 1230 1887 possumus,
1258 1800 1558 1907 qnandoquidem

170 1928 215 1996 de
249 1924 307 1993 his
339 1924 449 1994 rebus
475 1948 496 1993 a
524 1924 730 1995 doctissimo
761 1921 1015 2008 walchio118)
1048 1924 1196 1992 abunde
1233 1924 1461 2015 disputatum
1494 1943 1558 1997 est.

171 2053 289 2143 Quem
311 2052 359 2123 sis
381 2052 560 2123 consulas.

409 2317 542 2390 Sabini
566 2316 751 2389 Actorum
773 2314 1022 2408 synodalium
1050 2313 1220 2385 collectio
1238 2312 1328 2400 ¹¹9).'

266 2500 431 2581 Sabinus,
452 2496 805 2569 Macedonianorum
829 2497 1047 2579 Heracleae,
1073 2496 1254 2566 Thraciae
1276 2499 1389 2583 urbis,
1417 2504 1555 2593 episco.·

171 2652 252 2723 pus,
290 2618 495 2696 Theodosii
519 2625 650 2719 Magni
674 2636 846 2715 tempore
873 2624 965 2693 vixit
982 2621 1062 2708 ¹2⁰).
1114 2622 1333 2715 Composuit
1357 2630 1557 2716 Συναγωγὴν

171 2759 232 2823 τῶν
251 2756 415 2832 σονοδῶν,
450 2774 472 2819 a
494 2749 647 2819 concilio
674 2749 835 2823 Nicaeno
856 2748 901 2817 ad
929 2772 991 2817 sua
1018 2772 1136 2838 usque
1160 2765 1348 2844 tempora,
1384 2776 1478 2843 quae
1502 2768 1557 2822 ta.

168 2860 259 2947 ineu
285 2876 451 2945 collectio
477 2874 661 2965 temporis
673 2872 811 2940 iniuria
838 2872 958 2964 periit.
1012 2877 1208 2945 Cum‘vero
1233 2877 1332 2969 apud
1356 2878 1556 2965 Socratem,

173 3005 275 3073 cuius
295 3000 481 3070 iudicandi
504 3000 699 3068 veritatem
733 2999 807 3065 iam
841 2999 1035 3089 aliquoties
1062 3001 1240 3087 vidimus,
1277 3003 1387 3093 plura
1420 3001 1466 3068 de
1493 3000 1554 3067 Sa·

167 3130 252 3201 bino
275 3110 473 3198 occurrunt
499 3124 652 3207 iudicia,
693 3146 829 3214 operae
862 3147 948 3192 sane
976 3127 1141 3216 pretium
1169 3143 1244 3211 est,
1280 3150 1321 3194 ea
1356 3125 1554 3217 diligenter

169 3254 321 3325 collecta
344 3252 563 3323 adscribere.
613 3253 776 3319 Socrates
798 3248 915 3343 igitur
938 3249 983 3318 de
1002 3251 1184 3329 Nicaenae
1209 3252 1297 3320 fidei
1318 3252 1472 3319 veritate
1498 3252 1553 3318 lo·

170 3394 273 3450 cutus
296 3379 351 3449 ita
376 3376 499 3473 pergit
517 3374 606 3463 ¹²l)t
638 3379 800 3461 Σαβῖνος,
833 3372 852 3443 ὁ
878 3378 944 3446 τῶν
968 3380 1003 3444 ἐν
1019 3370 1206 3471 Ἡράκλεια
1232 3383 1292 3461 τοῖς
1320 3380 1450 3468 Θρᾶκης
1476 3379 1556 3457 Μαὴ

100 3722 106 3730 .
211 3676 269 3758 111)
291 3673 440 3737 Historia
462 3674 522 3733 dar
543 3668 743 3735 Ketzereien
769 3669 833 3733 Bd.
851 3679 882 3739 2.
903 3670 938 3734 S.
956 3680 1030 3740 too.
1052 3694 1084 3735 ιι.
1098 3675 1133 3756 f.

207 3785 265 3868 ¹¹⁹)
289 3786 433 3846 Socrates
459 3780 515 3841 lib.
532 3780 571 3859 11,
596 3800 618 3839 c.
638 3786 689 3849 30.
720 3782 854 3841 lectores
882 3782 921 3841 ad
950 3782 1032 3843 hanc
1053 3783 1286 3844 collectionem
1309 3783 1451 3863 relegat,
1494 3785 1553 3863 qui

286 3896 424 3975 quaein
448 3890 570 3975 synodo
594 3890 793 3951 seleuciensi
815 3903 904 3969 gesta
925 3902 1000 3952 sunt
1020 3897 1201 3954 accusatius
1226 3911 1421 3971 cognoscere
1443 3890 1554 3958 velint,

287 4006 429 4067 Eandem
456 4005 533 4063 citat
554 4000 610 4062 lib.
627 4000 683 4062 111.
708 4022 735 4061 ι.
759 4007 811 4069 10.
833 4006 887 4067 25.
952 4024 953 4027 “

210 4115 268 4195 ¹²⁸)
289 4114 418 4175 Vossius
439 4113 490 4172 Da
511 4110 672 4174 historicis
695 4110 817 4191 graecis
838 4110 911 4171 libr.
928 4108 982 4169 IV.
1003 4114 1172 4193 pag..216.

208 4226 265 4305 ¹2²>
288 4226 374 4288 tras.
397 4225 422 4285 1.
450 4240 516 4303 cap.
541 4230 572 4289 a.

1229 4340 1275 4413 11
1302 4331 1324 4377 *
