4392 5559
1218 340 1508 435 ..76-

677 566 778 617 orem
805 545 944 617 iecerit.
994 544 1109 616 Porro
1133 556 1278 635 praeter
1287 542 1489 613 Eusebium
1515 537 1678 630 aequalis
1695 534 1850 630 scriptor
1864 537 1963 607 hanc
1983 558 2075 605 rem

677 672 802 764 attigit
827 694 949 737 nemo.
1002 671 1044 737 In
1070 669 1254 759 superiori
1279 667 1441 757 denique
1467 678 1577 757 parte
1604 664 1739 747 labari,
1773 662 1875 753 quod
1896 661 2078 729 Christus

679 798 718 863 in
748 796 891 865 somnio
924 815 1104 884 apparens
1130 794 1414 861 Constantinum
1440 790 1647 861 secundum
1684 790 1801 857 crucis
1837 788 1989 881 signum
2023 788 2076 855 in

680 926 780 1001 coelo
805 936 1043 1011 conspectum
1070 918 1249 987 fabricare
1274 919 1437 999 iusserit,
1475 918 1571 987 filios
1594 916 1847 1006 imperatoris,
1880 921 1934 985 ait
1954 920 2079 987 Euse-

680 1050 776 1132 bius,
799 1049 907 1115 inisse
933 1044 1116 1134 depictos,
1144 1067 1230 1111 cum
1257 1060 1381 1112 tamen
1402 1065 1501 1113 anno
1522 1050 1626 1127 311„
1653 1066 1729 1131 quo
1748 1043 1815 1111 itta
1839 1065 1897 1111 res
1921 1044 2078 1133 accidit,

681 1198 777 1243 unus
812 1168 1072 1242 tantummodo
1102 1171 1199 1239 filius
1226 1170 1260 1239 ei
1292 1184 1398 1239 uatus
1432 1184 1535 1239 esset.
1586 1169 1706 1259 Quale
1734 1169 1886 1239 tandem
1916 1174 2078 1267 signum

682 1300 944 1383 Constantinus
969 1296 1138 1366 fabricari
1160 1297 1282 1380 iussit,
1313 1297 1399 1363 talia
1426 1298 1498 1365 iam
1524 1298 1644 1365 multo
1670 1312 1760 1365 ante
1784 1298 1823 1365 in
1850 1320 1918 1367 usn
1943 1302 2075 1387 fuisse,
2179 1313 2180 1316 ’

683 1444 823 1499 veteres
849 1423 998 1495 nummi
1022 1444 1066 1493 ac
1092 1435 1335 1493 monumenta
1354 1421 1422 1507 ¹⁰⁵)
1445 1436 1636 1491 testantur.
1686 1426 1972 1496 Constantinum
1997 1428 2073 1522 igi·

683 1574 745 1637 tur
771 1554 874 1647 signo
900 1554 975 1621 iam
999 1548 1065 1619 dtu
1089 1550 1222 1617 usitato
1246 1548 1288 1617 in
1311 1549 1460 1641 proeliis
1482 1572 1591 1617 usum
1619 1572 1716 1635 esse,
1749 1550 1927 1642 idemque
1951 1574 2073 1623 manu

685 1678 1022 1750 tenentemttomae
1044 1696 1121 1743 sese
1145 1673 1298 1767 depingi
1321 1675 1463 1745 iussisse
1482 1676 1565 1766 ¹⁰⁶),
1588 1679 1732 1747 nemini
1760 1682 1898 1749 mirum
1926 1682 2075 1750 vIdebi·
2180 1739 2181 1772 ρ

687 1824 758 1877 tur.
812 1808 940 1894 Neque
966 1816 1153 1895 postremo
1171 1800 1335 1869 subiecta
1356 1800 1413 1869 iiii
1429 1802 1585 1895 imagini
1603 1804 1791 1894 inscriptio
1810 1806 1944 1885 latina,
1975 1832 2072 1899 quae

682 1936 731 2017 ab
751 1930 907 2003 Eusebio
929 1930 969 1997 in
995 1948 1169 2023 graecum
1200 1948 1409 1996 sermonem
1435 1952 1536 1997 versa
1560 1930 1613 1999 sic
1634 1930 1767 2001 babets
1804 1932 1918 2027 Τούτῳ
1942 1940 1991 2029 τῷ
2010 1964 2076 2005 σω·
2180 1957 2181 1962 ’

688 2055 996 2151 repudiarentur,
1025 2058 1072 2145 τῷ
1097 2050 1223 2136 ἀληθεῖ
1232 2058 1357 2147 ,ἐλέγχῳ
1381 2059 1441 2139 τῆς
1463 2053 1631 2150 ἄνδρας,
1657 2059 1718 2143 τὴν
1733 2058 1832 2131 ,πόλιν
1851 2060 1944 2150 ὑμῶν
1971 2069 2074 2151 ζυγοῦ

687 2187 882 2277 τυραννικοῦ
911 2187 1137 2249 διασωθεῖσαν
1161 2176 1388 2269 ἠλευθέρωσα.
1435 2178 1508 2250 Ἔτι
1539 2181 1607 2269 μὴν
1640 2191 1696 2253 καὶ
1720 2184 1782 2268 τὴν
1811 2184 1992 2274 σύγκλητον
2017 2198 2077 2259 καὶ

680 2313 746 2407 ,τὸν
773 2310 878 2401 δῆμον
899 2308 1067 2399 Ῥωμαίων
1099 2310 1140 2403 τῇ
1172 2303 1293 2399 ἇρχαίρ
1324 2311 1497 2399 ἐπιφανείᾳ
1519 2314 1576 2375 καὶ
1608 2308 1816 2399 λαμπρότητι
1849 2312 2078 2405 ἐλιυθνρώσας
2180 2385 2181 2388 ,

690 2438 955 2517 incusatione«,
987 2452 1108 2521 neque
1142 2430 1250 2533 haec,
1284 2432 1457 2525 inquam,
1486 2434 1679 2527 inscriptio
1713 2436 1761 2505 de
1795 2437 1865 2509 isto
1896 2443 2078 2513 miraculo

692 2566 821 2651 utique
841 2557 990 2651 cogitari
1012 2556 1125 2626 iubat.
1177 2556 1339 2647 Ideoque
1358 2580 1416 2625 res
1438 2558 1595 2629 fabellae
1619 2562 1776 2635 similior
1799 2580 1855 2633 est
1880 2589 1990 2656 quam
2014 2592 2078 2637 ve·

692 2688 806 2758 rituti.
857 2686 1004 2765 Cetera,
1031 2681 1174 2769 'quibus
1200 2680 1379 2751 Eusebius
1406 2700 1532 2753 contra
1560 2688 1754 2758 veritatem
1782 2695 1956 2783 peccavit,
1987 2717 2078 2765 cum

679 2894 684 2927 i

1180 3167 1388 3240 Athanasii
1430 3173 1585 3267 scriptu.

796 3353 1016 3423 Athanasius
1038 3350 1214 3433 Socratis,
1245 3349 1441 3419 Soromeni
1465 3354 1757 3429 aoTbeodnrsti
1780 3366 1980 3455 primarius
1998 3376 2081 3448 fons

678 3482 797 3551 ·haud
826 3482 937 3549 dubie
965 3476 1235 3569 nuncupandus
1265 3490 1330 3545 est.
1380 3479 1475 3547 Cum
1507 3481 1610 3550 enIm
1638 3488 1756 3555 nostri
1788 3508 1955 3566 attctores
1977 3505 2082 3573 Aria.

696 3608 752 3677 uis
778 3604 1076 3675 contentionibus
1100 3602 1347 3671 describendis
1366 3607 1560 3699 proscipere
1582 3632 1732 3701 operam
1750 3614 1905 3707 darent,
1925 3630 2085 3719 ampljo.

696 3754 778 3801 rem
808 3733 1080 3820 certioremque
1112 3744 1301 3797 auctorem
1315 3730 1513 3800 Athanasio
1531 3732 1668 3808 habere
1687 3754 1862 3831 poteraut
1880 3752 2089 3829 neminem,

745 4074 801 4152 105)
821 4075 948 4136 Eokbel
971 4076 1080 4135 Doctr.
1108 4092 1199 4133 uum.
1219 4084 1316 4134 veter.
1340 4074 1401 4136 roi.
1418 4074 1502 4139 v111.
1525 4095 1596 4159 peg-
1615 4081 1694 4149 494.

748 4210 804 4291 1⁰⁶)
826 4213 892 4275 Vit.
917 4210 1083 4271 Constant.
1106 4208 1165 4269 lib·
1187 4207 1213 4268 1.
1245 4215 1381 4289 esp-40·
1422 4212 1543 4277 Histor.
1560 4218 1675 4284 eccles.
1700 4220 1760 4287 lib.
1776 4224 1815 4286 X.
1838 4246 1903 4311 cap.
1918 4249 1951 4313 9.

694 2835 734 2880 ea
763 2812 880 2914 magis
903 2808 947 2875 ad
975 2806 1162 2912 politicam
1188 2830 1300 2896 quam
1326 2807 1374 2876 ad
1399 2830 1538 2879 sacram
1565 2812 1756 2884 historiam
1776 2833 1958 2911 spectant,
1978 2844 2078 2895 enu-
2181 2797 2182 2804 ἵ

693 2958 834 3006 merare
868 2935 1066 3035 mittimus,
1105 2954 1154 3001 ne
1182 2947 1327 3024 praeter
1349 2956 1429 3003 rem
1452 2934 1611 3029 lngiores
1633 2940 1758 3009 simus.
