4392 5559
1233 410 1522 497 ...95-

789 613 929 707 Quibus
958 610 1133 679 absolutis
1164 630 1273 701 qnam
1308 612 1427 703 multa
1465 611 1543 678 sive
1580 612 1729 700 prorsus
1768 608 1925 694 intacta,
1978 611 2091 680 hunc

688 760 861 830 campum
891 736 965 802 iam
992 736 1159 825 primum
1184 735 1386 828 ingressus,
1429 750 1611 824 tanquam
1655 734 1877 827 peregrinus
1915 752 2088 826 praeter-

688 884 830 961 gressus
854 860 940 942 sim,
977 860 1052 927 sive
1074 859 1205 927 leviter
1228 858 1432 929 admodum
1465 874 1560 927 tacta
1591 862 1830 951 reliquerim,
1865 860 1961 929 bene
1993 882 2088 930 sen·

689 992 753 1060 tio.
812 988 940 1075 Neque
974 998 1101 1051 tamen
1133 1008 1195 1053 me
1227 987 1415 1076 poenitet,
1459 1007 1622 1072 menses,
1665 989 1732 1077 qui
1769 987 2089 1068 concedebantur,

687 1114 777 1181 huic
803 1112 1111 1180 commentationi
1144 1110 1302 1197 dedisse,
1340 1110 1546 1181 dummodo
1581 1112 1628 1181 ad
1672 1113 1864 1181 historiam
1896 1113 2085 1183 Christia-

687 1262 756 1307 nae
785 1240 958 1311 ecclesiae
982 1238 1287 1320 collustrandam,
1324 1238 1548 1327 quantulum
1573 1236 1613 1307 id
1637 1259 1785 1327 cunque
1807 1240 1876 1323 sit,
1907 1238 2086 1307 contule·

687 1365 770 1433 rim.
822 1364 918 1431 Nam
946 1386 1029 1433 cum
1055 1387 1101 1433 ex
1125 1364 1232 1432 nulla
1263 1364 1336 1432 alia
1369 1387 1409 1433 re
1429 1363 1661 1431 Christianae
1687 1362 1878 1457 religionis
1906 1363 2086 1432 divinitas

689 1491 868 1585 probetur
896 1489 1140 1573 luculentius,
1181 1512 1293 1579 quam
1323 1512 1370 1559 ex
1398 1490 1575 1573 historia,
1617 1512 1664 1559 ex
1696 1511 1760 1573 eo,
1799 1488 1898 1578 quod
1932 1505 2083 1558 tantam

689 1620 786 1689 vitae
811 1613 1044 1685 sanctitatem
1078 1628 1255 1705 tantaque
1290 1615 1522 1683 miseriarum
1561 1614 1692 1685 solatia
1729 1615 1943 1685 hominibus
1972 1639 2084 1709 prae-

688 1744 789 1826 buit,
823 1740 1014 1833 quodque,
1049 1741 1138 1809 licet
1158 1764 1180 1808 a
1207 1755 1264 1811 tot
1288 1741 1527 1811 acerbissimis
1557 1742 1774 1811 adversariis
1809 1756 1993 1831 quassata,
2018 1746 2084 1812 in-

691 1888 858 1938 concussa
876 1869 1081 1935 etiamnum
1105 1883 1195 1951 stat,
1229 1890 1295 1937 nos
1321 1880 1467 1959 oportet
1489 1869 1607 1939 anniti
1625 1867 1671 1937 ad
1688 1867 1882 1935 'veritatem
1900 1868 2084 1938 historiae
2191 1895 2192 1982 ἦ

692 1992 969 2075 ecclesiasticae,
1016 1992 1225 2061 multifariis
1255 1992 1472 2085 corruptelis
1506 1995 1756 2079 obscuratam,
1801 1996 2082 2080 illustrandam,

693 2144 766 2214 quo
791 2117 935 2187 divinae
965 2130 1114 2186 nostrae
1141 2117 1330 2212 religionis
1360 2118 1489 2189 redeat
1516 2122 1634 2215 prisca
1668 2121 1865 2193 auctoritas
1893 2123 2079 2217 priscum-

693 2271 767 2341 que
797 2258 1040 2317 momentum.

997 2556 1752 2587 *-

1109 2782 1638 2897 cona1eauna

897 3028 962 3087 pag.
979 3024 996 3073 7
1013 3012 1063 3065 lin.
1080 3020 1097 3070 3
1114 3028 1168 3080 pro
1185 3022 1313 3080 pumat
1329 3010 1394 3078 lego
1410 3016 1520 3077 peterit.

908 3136 942 3153 .-
960 3116 995 3167 10
1011 3116 1080 3161 nota
1098 3104 1300 3174 10postCava
1317 3106 1388 3159 ttius
1406 3106 1496 3159 litter.
1514 3106 1587 3159 adde
1606 3122 1671 3161 tom.
1686 3108 1712 3163 1.

907 3232 943 3243 ..
961 3210 993 3261 ῃ
1030 3227 1063 3241 -
1099 3206 1133 3259 15
1150 3199 1201 3251 lin.
1219 3208 1251 3260 11
1270 3216 1323 3268 pro
1339 3198 1451 3253 τοιοῦτο
1467 3200 1530 3269 lege
1546 3201 1669 3256 romise-

908 3321 941 3333 -
958 3305 995 3352 22
1010 3293 1062 3345 lin.
1079 3300 1097 3351 6
1115 3308 1168 3360 pro
1185 3296 1303 3344 seorsim
1319 3293 1383 3362 lege
1400 3312 1535 3347 seersum.

909 3414 945 3429 -
959 3395 994 3446 35
1011 3417 1046 3429 -
1063 3395 1098 3445 12
1128 3414 1164 3426 -
1185 3390 1356 3440 tractantibus
1373 3389 1439 3457 lege
1455 3394 1654 3444 tractantibus.

908 3506 942 3519 -
958 3486 995 3539 38
1011 3505 1047 3519 -
1062 3479 1188 3549 paenula
1206 3496 1258 3548 pro
1275 3480 1446 3552 Μομνῆοομ
1462 3485 1527 3552 lage
1546 3481 1736 3553 Μομὴοομο.

905 3602 941 3615 -
957 3583 993 3633 70
1009 3604 1044 3617 --
1060 3572 1113 3626 ult.
1130 3589 1183 3643 pro
1199 3570 1341 3643 Ῥουφῖνον
1358 3577 1422 3645 lege
1438 3573 1591 3647 Ῥουφῖνον.

898 3692 941 3715 ι-
957 3674 993 3727 86
1010 3676 1079 3719 nota
1098 3674 1150 3727 126
1168 3684 1220 3736 pro
1239 3668 1311 3721 Cant
1327 3668 1402 3721 Hira
1420 3683 1485 3723 tom.
1497 3671 1519 3720 Ι.
1538 3673 1590 3723 litt.
1608 3670 1672 3739 leq·
1691 3670 1763 3723 cau
1780 3666 1853 3723 aaa
1871 3670 1921 3725 litt.
1940 3686 2001 3726 torm
2013 3676 2040 3730 I.
