4392 5559
659 366 746 457 ·-·-‚
798 332 860 429 os
916 378 981 413 -.

100 538 303 619 Arianum
332 539 392 629 (si
414 562 504 611 rere
528 543 710 615 Asianum
735 544 832 635 luit)
864 540 917 615 du
938 544 973 625 ἐξ
995 538 1058 614 οὐκ
1078 537 1185 612 ὄντων
1202 543 1330 630 dymno
1359 540 1407 610 ob
1431 542 1532 614 hans

110 666 241 735 unice
274 690 437 754 causam,
474 682 569 739 teste
596 669 776 757 Eusebio,
806 670 984 763 quoniam
1014 670 1122 737 illam
1157 670 1404 755 locutionem,
1436 693 1530 759 quae

116 796 170 865 in
201 797 285 864 Filii
312 810 497 866 creaturas
525 796 647 887 potius
677 795 841 883 caderet,
873 796 917 865 de
949 799 1029 887 ipso
1057 796 1153 864 Filio
1177 797 1365 887 usurpari,
1398 820 1530 889 parum

118 935 421 990 consentaneum
449 922 653 993 videbatur.
706 924 878 993 Ceterum
903 922 1066 1014 synodus
1101 945 1121 990 a
1147 908 1387 991 Constantino
1411 925 1530 1017 impe·

115 1066 274 1134 ratore,
304 1048 348 1117 de
371 1050 475 1117 nulla
495 1050 565 1116 alia
587 1072 627 1116 re
651 1072 769 1139 aeque
794 1072 836 1119 ao
861 1050 904 1118 de
923 1050 1106 1119 Ecclesiae
1129 1073 1218 1141 pace
1239 1049 1412 1135 sollicito,
1433 1032 1530 1120 iussa

118 1176 351 1247 catholicam
384 1176 430 1245 de
457 1178 550 1245 Filio
579 1175 787 1245 doctrinam
821 1192 897 1243 tam
925 1199 1018 1269 vage
1052 1175 1261 1259 constituit,
1299 1188 1341 1241 ut
1377 1195 1529 1264 omnes,

125 1303 297 1397 quaeda
321 1304 400 1371 eius
420 1319 551 1371 natura
572 1318 652 1371 tum
673 1305 849 1395 temporis
866 1302 1110 1396 agitabantur,
1137 1303 1340 1370 sententiae
1365 1304 1404 1370 in
1427 1305 1529 1374 illam

128 1430 384 1523 quadrarent,
406 1430 604 1509 tummodo
622 1428 792 1499 divinitas
808 1428 891 1497 Filii
909 1428 1034 1495 illaesa
1054 1427 1338 1519 relinqueretur.
1365 1432 1528 1523 Quomo-

127 1558 184 1627 do
209 1580 296 1630 vero
323 1571 450 1649 postea
468 1555 690 1626 Athanasius
716 1554 784 1627 iste
812 1554 974 1647 symboli
994 1554 1238 1648 ambiguitate
1259 1556 1391 1626 abusus
1413 1560 1459 1627 sit
1482 1558 1529 1627 ad

128 1708 243 1755 suam
268 1684 473 1755 doctrinam
500 1683 683 1755 Ecclesiae
708 1680 1001 1768 obtrudendam,
1034 1698 1074 1751 et
1100 1706 1195 1773 quae
1224 1686 1294 1753 alia
1322 1684 1463 1758 dehac
1488 1711 1529 1757 re

133 1812 359 1903 praepedita
384 1812 563 1910 disputari
587 1825 751 1905 possent,
787 1812 859 1880 iarn
887 1810 1003 1878 fusius
1027 1833 1214 1903 exponere
1235 1813 1399 1889 alienum
1426 1816 1531 1890 foret.

132 1940 166 2005 E
194 1940 328 2007 nostris
349 1938 560 2029 symbolum
589 1936 702 2006 habet
717 1934 882 2009 Socrates
904 1936 967 2005 lib.
988 1938 1014 2007 Ι.
1042 1959 1069 2003 c.
1092 1944 1128 2015 8.
1181 1941 1401 2029 Quanquam
1427 1943 1529 2014 codi-

134 2086 197 2131 ces
223 2080 328 2148 sunt,
354 2064 418 2155 qui
443 2065 466 2131 l.
488 2064 513 2133 1.
535 2063 748 2155 symbolum
771 2062 966 2149 omittant,
990 2087 1137 2131 summo
1161 2079 1287 2133 tamen
1313 2066 1394 2135 iure
1415 2068 1455 2137 id
1478 2070 1533 2140 lo·

133 2212 227 2257 cum
246 2212 353 2257 suum
372 2190 471 2259 tueri
490 2189 529 2257 in
547 2190 848 2265 annotationibus
866 2188 1033 2281 probavit
1052 2186 1225 2259 valesius.
1275 2186 1528 2265 CurSozome·

139 2336 214 2383 nus
247 2314 361 2387 iidem
383 2316 584 2386 Nicaenam
608 2337 794 2408 exponere
816 2314 1089 2399 reformidarit,
1130 2314 1204 2382 iam
1229 2337 1338 2407 supra
1361 2290 1560 2392 vidimua'

137 2442 405 2513 Theodoretus
428 2444 589 2534 denique
614 2463 924 2534 supervacaneum
947 2440 1083 2509 iudicat
1105 2440 1216 2509 fidem
1240 2466 1443 2534 exponere,
1465 2472 1531 2519 suo

142 2588 311 2663 tempore
336 2572 377 2639 in
400 2573 559 2678 chlesia
581 2569 850 2664 pervulgatam.
903 2569 1066 2637 Socrates
1095 2567 1306 2657 symbolum
1338 2570 1461 2641 hausit
1489 2600 1536 2667 ex¹

141 2700 299 2791 epistola
321 2696 750 2783 EusebiiCaesareensis,
784 2718 898 2787 quarn
921 2696 1034 2787 paulo
1060 2709 1141 2787 post
1161 2693 1361 2789 adscripsit.
1412 2705 1533 2795 Atque

144 2827 375 2916 symbolum,
406 2824 504 2919 quod
528 2825 706 2895 Eusebius
728 2822 898 2915 exponit,
930 2823 1166 2913 authentiam
1190 2821 1303 2894 habet
1324 2830 1534 2903 maximam.

146 2963 203 3029 Cf.
226 2956 394 3027 Athenas.
416 2977 473 3046 ep.
496 2952 543 3023 ad
564 2954 757 3021 Iovianum
781 2948 812 3038 ᾗ.
829 2958 862 3029 3.
886 2948 972 3017 edit.
996 2948 1252 3022 Montlaucon.
1278 2965 1367 3021 tom.
1385 2958 1429 3024 ll.
1451 2984 1532 3057 pag,

148 3096 234 3171 731.
265 3122 315 3137 --
347 3082 499 3151 Basilius
529 3080 689 3173 Magnus
726 3100 783 3168 ep.
812 3084 895 3157 125.
934 3074 1020 3143 edit.
1043 3074 1229 3144 benedict.
1262 3085 1339 3147 tdm
1363 3083 1424 3152 ΙΙΙ.
1451 3110 1534 3185 pag.

148 3225 235 3299 215.
259 3250 310 3263 -
334 3209 491 3301 Cyrillus
509 3204 703 3277 Alexandr.
725 3205 830 3294 epist.
852 3200 900 3269 ad
913 3202 1142 3271 Anastasinm
1169 3202 1257 3274 edit.
1271 3206 1423 3279 Auberti
1444 3227 1534 3285 tom.

149 3352 188 3413 V.
219 3356 312 3436 part.
336 3348 368 3417 2.
393 3359 475 3430 pag.
495 3340 579 3415 147.
632 3331 799 3419 Aliique,
832 3350 922 3418 quos
950 3326 1058 3397 sicuti
1087 3326 1219 3397 latinas
1245 3331 1330 3401 lidei
1355 3340 1539 3413 versiones
1597 3339 1599 3342 ’
1640 3414 1643 3419 ,

149 3478 196 3545 sis
221 3468 347 3539 videas
379 3465 420 3533 in
442 3458 603 3531 Walchii
626 3456 801 3526 Biblioth.
830 3454 948 3544 symb.
977 3468 1049 3522 vet.
1075 3476 1158 3549 pag·
1179 3468 1240 3539 77.
1264 3481 1342 3550 sqq.
1395 3464 1537 3539 Postre·
1585 3461 1588 3466 ⁴

77 3672 80 3675 ,
150 3626 213 3676 mo
235 3591 444 3665 notandum
470 3603 547 3673 est,
580 3586 695 3653 varias
713 3581 871 3675 symboli
890 3579 1069 3655 editiones
1088 3603 1236 3676 graecas
1257 3577 1392 3681 magna
1413 3590 1539 3665 lectio·

151 3748 244 3795 mnu
267 3720 445 3790 varietate
475 3716 660 3798 laborare,
689 3723 726 3778 et
752 3708 951 3777 latinarum
986 3707 1199 3777 versionum
1236 3711 1414 3783 maiorem
1447 3718 1540 3791 adeo

153 3875 230 3923 esse
255 3842 547 3936 discrepantiam.
598 3836 706 3907 Unde
742 3852 843 3905 recte
876 3837 1051 3907 conclusit
1074 3838 1284 3924 Walchius,
1318 3840 1542 3917 differentias

152 3984 238 4051 istas
270 3996 343 4043 non
385 3993 487 4063 posse
519 3968 576 4036 vel
605 3963 808 4034 memoriae
839 3962 1017 4051 lapsibus,
1050 3965 1110 4033 vel
1138 3964 1376 4059 librariorum
1411 3974 1543 4065 culpae

156 4100 289 4186 tribui,
320 4096 383 4167 sed
406 4117 578 4190 magnam
601 4114 728 4161 earum
752 4102 897 4180 partem
924 4108 968 4155 ex
989 4110 1031 4159 eo
1059 4090 1244 4184 originem
1269 4114 1372 4163 suam
1398 4096 1543 4187 ducere,

159 4226 258 4319 quod
288 4246 363 4293 non
404 4224 525 4295 solum
558 4220 685 4314 plures
714 4214 930 4287 formulam,
955 4226 1124 4283 nostrata
1152 4216 1268 4289 latine
1302 4220 1544 4314 reddiderint,

1283 4380 1288 4391 ·
1315 4358 1339 4428 9
