4392 5559
1196 308 1486 399 ...23-

650 524 899 598 Sozomenum
925 522 1083 598 Socratis
1103 523 1349 620 plagiatorem
1370 526 1596 615 iudicarent,
1626 548 1716 597 eum
1738 524 1885 619 aliquot
1908 524 2057 594 saltem

653 654 762 723 annis
791 653 907 723 serius
939 651 1135 743 scripsisse,
1163 653 1319 723 asseruit
1349 678 1471 726 uento.
1522 657 1605 725 lmo
1656 655 1782 749 potius
1821 648 2056 723 verisimilli-

652 800 759 847 mum
794 794 868 862 est,
899 792 1102 868 utrumque
1135 777 1269 849 eodem
1303 782 1414 873 plane
1443 796 1632 876 tempore,
1663 802 1762 850 anno
1798 779 1940 849 scilicet
1956 784 2060 856 440,

651 903 840 973 historiam
868 902 1149 978 ecclesiasticam
1176 907 1478 977 conscribendam
1511 931 1724 1005 aggressum
1747 930 1835 977 esse.
1885 898 2058 996 Quodsi

651 1042 787 1097 statuas
812 1029 954 1120 optime
980 1034 1132 1121 quoque
1158 1031 1374 1123 expeditur,
1403 1034 1593 1125 quomodo
1623 1034 1775 1104 tandem
1807 1032 1956 1103 evenire
1982 1048 2057 1119 po·
2178 1057 2180 1060 ·

652 1154 785 1240 tuerit,
812 1172 856 1224 ut
886 1172 1039 1243 neuter,
1070 1180 1287 1247 quanquam
1315 1161 1491 1244 amhoiu
1519 1185 1593 1230 uua
1619 1162 1831 1251 eademque
1856 1157 1946 1227 urbe
1971 1174 2056 1223 unu

581 1360 585 1375 ,
652 1278 861 1372 eodemque
891 1304 1050 1353 munere
1079 1284 1351 1378 fungerentur,
1375 1285 1532 1354 alterius
1558 1287 1754 1357 historiam
1779 1283 1936 1353 noveris
1986 1281 2051 1345 An

653 1430 740 1477 vero
772 1411 866 1480 alter
898 1412 1058 1486 alterius
1083 1412 1228 1481 consilii
1261 1412 1376 1481 fuerit
1412 1414 1579 1483 conscius
1620 1436 1693 1483 nec
1728 1434 1801 1498 ne,
1833 1428 2050 1501 quanquam
2178 1395 2180 1415 '

653 1538 827 1629 equidem
849 1540 973 1632 potius
998 1537 1235 1633 negaverim,
1266 1550 1309 1607 ut
1333 1558 1416 1607 retu
1439 1553 1566 1609 tamen
1596 1540 1872 1633 incompertam
1895 1535 1937 1604 in
1962 1554 2044 1603 me·

655 1663 762 1737 dium
784 1666 1009 1757 relinquam.

757 1891 837 2015 Qua
873 1917 1024 2013 quidem
1059 1938 1102 1987 re
1133 1917 1182 1989 ad
1207 1916 1310 1989 aliud
1334 1933 1598 2014 argumentum
1619 1917 1849 1990 adducimur.
1899 1918 2045 2012 Nempe

661 2050 909 2120 sozomenum
936 2017 1101 2119 seorsum
1134 2048 1315 2141 scripsisse
1344 2046 1587 2116 statuendum
1626 2060 1680 2117 est
1705 2064 1817 2140 porro
1837 2063 2047 2140 propterea,

655 2178 833 2267 quoniam
867 2175 1027 2259 Socratis
1058 2173 1254 2245 historiam
1289 2194 1436 2266 prorsus
1471 2174 1643 2269 ignorat,
1678 2195 1750 2243 uec
1782 2196 1866 2243 eam
1907 2175 2043 2245 alicubi

657 2302 940 2390 commemorat,
973 2302 1140 2396 quamvis
1175 2300 1370 2372 nonnullis
1407 2300 1541 2372 saltem
1586 2299 1679 2369 locis
1712 2316 2039 2371 commemoratam

655 2436 714 2503 vel
738 2432 896 2503 maxime
918 2430 1114 2501 desideres.
1164 2429 1224 2499 Sic
1243 2428 1373 2497 statim
1394 2427 1437 2496 in
1461 2425 1625 2511 exordio,
1653 2426 1718 2495 ubi
1742 2426 1790 2495 dc
1810 2428 1965 2498 consilio
1987 2443 2042 2497 at·

658 2582 730 2654 qua
753 2562 914 2647 ratione,
936 2582 1052 2651 ⁴quam
1075 2558 1116 2628 in
1150 2555 1327 2626 historiae
1360 2552 1626 2623 ecclesiasticae
1648 2554 1920 2645 conscriptione
1941 2576 2041 2626 secu.

657 2706 717 2761 tus
742 2688 800 2772 sit,
823 2676 1000 2777 disputat,
1027 2677 1151 2775 primo
1174 2678 1338 2773 quidem,
1360 2678 1434 2766 alt,
1456 2679 1526 2748 sibi
1548 2676 1737 2749 decretum
1766 2679 1878 2750 fuisse
1905 2682 2044 2757 hancce

655 2813 848 2885 historiam
882 2810 928 2879 ab
963 2810 1075 2880 initio
1104 2822 1282 2899 repetere.
1340 2807 1436 2875 Cum
1467 2826 1554 2873 rero
1583 2827 1648 2891 ea,
1679 2828 1776 2897 qtrae
1800 2806 1890 2879 iude
1909 2810 1956 2879 ab
1978 2814 2040 2882 ad·

655 2963 781 3012 scensu
813 2936 951 3006 Christi
978 2935 1018 3005 iu
1049 2936 1196 3005 coelum
1231 2930 1416 3024 usquead
1454 2931 1605 3002 caedem
1630 2933 1764 3004 Licinii
1809 2934 1850 3005 in
1894 2942 2042 3011 ecclesia

654 3084 752 3167 gesta
792 3078 899 3150 suut,
942 3063 989 3131 ab
1027 3060 1187 3131 Eusebio
1219 3060 1376 3153 aliisque
1411 3061 1614 3131 memoriae
1650 3061 1796 3154 prodita
1829 3064 2039 3157 invenisset,

653 3199 853 3267 immutato
888 3192 1042 3261 consilio
1083 3190 1222 3261 dehinc
1260 3189 1416 3259 demum
1447 3187 1627 3257 historiae
1666 3210 1753 3257 suae
1794 3204 1874 3261 sese
1912 3194 2039 3268 iecisse

654 3319 815 3397 initium.
876 3314 983 3408 Quod
1022 3314 1053 3384 si
1084 3314 1201 3409 igitur
1233 3316 1460 3385 &romanus
1501 3313 1660 3385 Socratis
1704 3315 1898 3389 historiam
1939 3320 2037 3394 idem

655 3441 833 3533 temporis
870 3440 1031 3531 spatium
1067 3455 1321 3525 enarrantem,
1359 3440 1459 3532 quod
1496 3457 1536 3510 et
1561 3442 1639 3535 ipse
1679 3446 1930 3517 enarrandum
1970 3450 2038 3519 sibi

655 3560 914 3668 proposuerat,
947 3562 1132 3636 habuisset
1161 3566 1372 3663 cognitam,
1399 3565 1503 3638 haud
1540 3558 1653 3638 dubie
1677 3572 1833 3642 omnino
1858 3576 2038 3645 tacuisset.

655 3702 782 3789 ltaque
814 3718 900 3764 cum
930 3694 996 3763 illo
1020 3694 1103 3765 loco
1128 3702 1353 3769 sozomenus
1376 3695 1533 3763 Socratis
1566 3694 1758 3763 historiam
1785 3692 1927 3786 taceat,
1953 3702 2041 3772 hinc

653 3850 738 3896 eum
770 3824 874 3893 illam
915 3843 1061 3915 prorsus
1091 3820 1276 3918 ignorasse
1307 3833 1435 3911 aperte
1467 3822 1649 3912 sequitur.
1707 3825 1757 3893 At
1781 3823 1885 3894 cuius
1908 3827 2038 3899 scrinia

653 3950 828 4043 expilarit
858 3949 1029 4019 consulto
1066 3947 1138 4018 hoc
1162 3951 1246 4019 loco
1260 3946 1411 4017 reticuit
1435 3967 1587 4017 nomen.
1636 3943 1709 4019 Sed
1736 3949 1807 4019 alia
1832 3966 1919 4022 suut
1945 3952 2036 4039 loca,

654 4078 783 4169 quibus
814 4076 970 4147 Socratis
989 4074 1217 4162 historiam,
1244 4064 1451 4146 dummodo
1479 4074 1517 4145 ei
1538 4073 1589 4145 sd
1610 4096 1741 4146 manus
1766 4076 1915 4165 luisset,
1937 4092 2037 4150 tecta
