4392 5559
694 343 984 429 ...87-

141 548 309 640 ipsarum
334 543 597 614 incredibilitas
622 567 772 613 omnem
800 562 916 637 paene
939 543 1052 612 fidam
1078 542 1266 637 infringit.
1319 545 1444 615 Porro
1465 549 1539 616 Ru·

145 674 247 741 finus
278 671 446 739 animum
478 673 522 739 ab
553 671 637 740 odio
669 675 863 766 gratiaque
891 672 1072 753 liberum,
1101 669 1140 737 id
1172 669 1266 759 quod
1299 692 1388 759 prae
1413 673 1542 741 ceteris

143 798 196 865 ab
222 798 395 867 historico
430 799 674 893 efflagitatur,
711 800 868 867 minime
898 796 1019 863 habet.
1070 794 1221 863 Etenim
1246 794 1438 867 Athanasii
1464 799 1540 871 exi·

144 925 246 993 anius
270 924 441 993 laudator
460 924 499 992 in
510 926 642 993 Arium
662 926 817 1015 eiusque
832 938 1029 993 sectatores
1047 921 1229 991 invidiose
1244 922 1439 991 invehitur
1457 924 1536 1015 13⁰).

148 1050 345 1119 Praeterea
371 1051 609 1134 clericorum,
645 1051 703 1118 sui
729 1052 868 1119 ordinis
897 1050 1113 1133 hominum,
1147 1064 1224 1117 tam
1254 1049 1455 1140 impudens
1484 1063 1540 1119 est

145 1191 368 1259 venerator,
403 1188 445 1241 ut
471 1176 709 1245 Constantino
731 1176 824 1246 adeo
849 1178 1082 1268 imperatori,
1112 1176 1273 1247 detracta
1297 1179 1400 1246 omni
1422 1176 1538 1245 maie·

149 1314 262 1387 state,
303 1302 446 1403 humile
481 1303 743 1391 abiectumque
769 1304 962 1396 ingenium
993 1304 1169 1394 affingere
1201 1303 1302 1371 haud
1336 1303 1538 1371 erubescat.

150 1426 245 1495 Vide
266 1428 401 1514 modo,
437 1426 625 1519 quomodo
651 1430 808 1495 Rnlinus
832 1427 1114 1497 Constantinum
1141 1428 1392 1520 episcopusin
1418 1428 1537 1497 conci·

151 1558 207 1625 lio
226 1557 385 1625 Nicaeno
410 1555 456 1622 ad
485 1554 716 1623 concordiam
740 1554 1002 1623 adhortantem
1027 1552 1205 1621 inducere
1239 1576 1260 1619 a
1290 1574 1328 1621 se
1360 1554 1538 1647 impetra·

152 1683 219 1750 vit.
267 1682 389 1765 „Deus
416 1703 495 1763 vos,
533 1680 655 1771 inquit
676 1682 900 1771 imperator,
939 1681 1131 1749 constituit
1156 1682 1377 1767 sacerdotes,
1413 1698 1451 1752 et
1473 1706 1537 1774 po·

152 1822 325 1875 testatem
351 1806 450 1873 vobis
478 1806 580 1877 dedit
612 1806 656 1873 de
683 1806 789 1874 nohis
813 1831 960 1897 quoque
992 1808 1191 1878 iudicandi.
1242 1810 1292 1878 Et
1317 1808 1401 1879 ideo
1427 1832 1493 1879 nos
1518 1832 1540 1875 a

151 1932 255 2001 vobis
279 1944 376 1999 recte
398 1914 622 2017 iudicamur,
658 1953 721 2000 vos
747 1947 873 2001 autem
899 1954 977 2000 non
1002 1934 1155 2025 potestis
1179 1934 1226 2003 ab
1247 1935 1462 2005 hominibus
1481 1936 1540 2019 iu:

279 2264 431 2322 Attamen
454 2258 520 2319 illis
542 2262 642 2321 etiarn
663 2260 759 2323 rebus
779 2272 827 2322 tot
847 2260 1053 2323 incredibilia
1073 2234 1218 2320 admixta
1238 2272 1327 2333 sunt,
1364 2271 1402 2321 at
1421 2280 1537 2341 parunt

277 2370 357 2431 fidei
380 2368 527 2429 habeant.

198 2482 258 2565 ¹³⁰)
280 2482 351 2541 Hoc
373 2478 501 2557 quidem
525 2496 564 2535 ex
587 2477 739 2555 oppositis
760 2478 840 2537 locis
863 2479 1037 2541 clarissime
1061 2481 1229 2543 elucescet
1251 2480 1338 2543 Libr.
1360 2483 1386 2541 1.
1415 2499 1483 2560 cap.
1507 2486 1539 2547 1.

283 2591 362 2651 dicit
384 2601 511 2645 auctor:
538 2588 653 2655 „Arius
677 2589 725 2646 vir
747 2590 850 2665 specie
872 2601 903 2647 et
925 2590 1030 2651 forma
1050 2594 1172 2671 magis,
1202 2610 1302 2671 quam
1324 2592 1441 2667 virtute
1460 2591 1541 2651 insi·

282 2703 369 2783 gnis,
391 2711 423 2758 et
437 2698 556 2777 gloriae
573 2698 740 2777 laudisque
755 2716 791 2757 ac
812 2700 960 2759 novitatis
982 2700 1132 2779 improbe
1153 2700 1309 2780 cupidus,
1333 2720 1430 2779 prava
1445 2720 1540 2780 quae·

284 2814 358 2873 dam
386 2810 426 2868 da
451 2808 570 2868 Christi
598 2809 662 2867 fide
691 2810 832 2887 prolerre
862 2813 1002 2889 coepit.“
1045 2811 1132 2873 Libr.
1149 2812 1175 2871 1.
1205 2817 1342 2889 cap-25.
1371 2811 1410 2869 de
1437 2809 1539 2873 tribus

288 2923 410 2983 Arianis
431 2922 524 2979 sactis
546 2919 595 2978 his
617 2920 720 2977 utitur
743 2921 863 2979 verbis:
885 2922 953 2991 „Ita
977 2922 1123 3000 pestifera
1144 2922 1202 2982 illa
1223 2920 1347 2995 bestia,
1378 2938 1461 2998 quae
1481 2938 1540 2996 per

285 3033 398 3093 Arium
429 3031 532 3107 primo
563 3030 651 3105 quasi
681 3028 720 3086 de
749 3030 861 3088 inieris
892 3032 1051 3093 extulerat
1084 3045 1197 3111 caput,
1241 3031 1347 3091 subito
1385 3029 1539 3091 triformis

282 3144 460 3225 apparuit.“
502 3140 612 3219 Longe
641 3139 735 3198 aliter
764 3138 804 3197 de
824 3138 997 3200 Athanasio
1020 3142 1166 3221 loquitur
1184 3141 1330 3200 Rufinus
1376 3140 1468 3216 Quae
1496 3136 1539 3196 ab

282 3254 338 3315 illo
361 3264 531 3332 geruntur,
554 3271 589 3309 ea
611 3250 720 3309 omnia
742 3249 1121 3330 sanctitatemkredolent.
1162 3250 1250 3311 Libr.
1258 3256 1286 3317 1.
1309 3268 1375 3329 cap.
1386 3251 1439 3315 34.
1464 3266 1541 3307 cum

283 3365 475 3425 Athanasius
505 3372 540 3418 ut
562 3370 779 3437 persecutores
798 3358 945 3433 falleret,
973 3362 1012 3421 iis
1035 3361 1285 3440 prudentissime
1312 3361 1370 3419 ivit
1391 3358 1539 3433 obviam,

283 3474 346 3535 hoc
367 3494 406 3532 ex
422 3470 531 3531 Rufini
547 3470 704 3530 sententia
723 3466 803 3529 fecit
822 3468 882 3528 deo
899 3454 1045 3530 monitui
1064 3484 1103 3529 ac
1123 3482 1222 3530 tutus.
1263 3470 1383 3530 Libul.
1408 3473 1537 3549 cap.14.

285 3586 332 3645 lta
351 3582 477 3641 disserit
497 3590 625 3639 auctor:
649 3577 798 3651 „Verum
820 3581 974 3656 quoniam
996 3590 1086 3639 tanta
1107 3598 1147 3639 ac
1164 3580 1239 3641 talia
1262 3578 1432 3638 Athanasii
1454 3591 1541 3658 gesta

286 3704 377 3763 sunt,
405 3704 442 3751 ut
462 3688 652 3770 magnitudo
673 3688 805 3765 quidem
834 3706 943 3749 rerum
972 3689 1057 3750 nihil
1090 3708 1145 3751 me
1174 3692 1352 3771 praeterire
1383 3691 1538 3768 patiatur,

285 3803 459 3865 multitudo
481 3820 589 3861 aarum
612 3816 719 3857 rerum
741 3808 902 3877 gestarum
923 3818 1019 3878 quam
1036 3801 1177 3881 plurima
1192 3813 1282 3881 cogat
1304 3802 1469 3871 omittere,
1490 3802 1542 3860 in·

286 3927 389 3974 oenus
410 3924 532 3974 aestuat
552 3912 695 3989 arsimus,
718 3906 798 3967 dum
817 3906 1064 3970 delibrase'non
1085 3910 1188 3982 valet,
1207 3910 1284 3988 qnid
1300 3921 1428 3978 teneat.
1447 3906 1540 3989 quid·

289 4040 326 4082 te
346 4026 484 4084 omittat.
524 4023 565 4083 Et
591 4022 663 4081 ideo
681 4034 781 4096 pauca
800 4032 875 4087 nos,
908 4017 1055 4096 quae-ad
1077 4020 1348 4097 tempestiuam,
1377 4037 1543 4079 memora·

288 4133 411 4205 bimus,
440 4132 563 4211 reliqua
587 4131 655 4189 eius
676 4126 761 4185 lama
785 4126 944 4200 narrabit,
976 4130 1048 4189 sine
1075 4128 1176 4189 dubio
1202 4132 1328 4191 minora
1357 4148 1433 4190 raro
1457 4148 1540 4190 nors·
1612 4200 1616 4209 Ι

286 4245 411 4303 tiatura.
454 4242 538 4302 Nam
559 4238 662 4313 nihll,
685 4235 770 4315 quod
790 4234 910 4295 addere
930 4240 1044 4317 possit,
1065 4240 1247 4301 inveniet.“
