4392 5559
688 345 977 480 fter-⁴

243 556 315 629 Sed
349 556 528 627 ultimum
551 562 661 648 atque
683 578 874 627 summum
910 564 1177 651 argumentum
1204 570 1336 641 restat,
1361 565 1437 647 quo
1462 566 1533 629 Va·-

142 682 228 751 lesii
254 683 382 773 opinio
407 684 518 774 piane
544 680 713 753 diluitur.
762 682 841 751 Iam
867 704 978 773 snpra
997 704 1020 751 a
1042 678 1150 751 nohis
1166 682 1355 753 monitum
1382 698 1450 767 est,
1466 682 1533 754 So·

143 822 280 877 cratem
298 828 340 876 ao
355 812 603 883 sozomenum
626 807 884 900 compluribus
908 806 998 879 loeis
1023 808 1119 877 miro
1144 828 1291 901 prorsus
1315 808 1429 881 modo
1448 832 1534 879 con·

142 930 293 1001 sentire.
345 930 459 1001 Cuius
484 952 680 1002 consensus
702 956 815 1024 quem
839 933 1076 1027 exposuimus
1096 955 1254 1018 causam,
1280 934 1379 1025 quod
1395 935 1535 1005 scilicet

142 1060 255 1129 ambo
277 1081 323 1129 ex
342 1056 472 1129 iisdem
506 1058 670 1129 fontibus
691 1060 926 1143 haurientes,
948 1074 1059 1150 etque
1088 1059 1214 1129 omnia
1240 1061 1334 1143 fere,
1362 1067 1456 1151 quae
1480 1061 1534 1129 ibi

142 1200 351 1257 memorata
374 1186 611 1273 invenirent,
631 1187 728 1257 boue
756 1187 830 1257 fide
855 1185 1077 1277 accipientes
1094 1183 1226 1253 eadem
1247 1207 1395 1277 qnoque
1421 1184 1532 1255 trudi·

142 1312 286 1397 derint,
310 1312 349 1383 id
370 1313 446 1385 ism
471 1312 579 1383 nobis
606 1310 842 1405 probandum
870 1325 933 1381 est.
984 1309 1056 1381 Sed
1088 1321 1294 1402 utrumque
1326 1334 1371 1381 ex
1399 1310 1531 1381 iisdem

140 1440 306 1511 iontibus
351 1440 530 1524 hausisse,
556 1440 800 1509 historiarum
843 1451 952 1509 tenor
987 1437 1072 1507 satis
1110 1436 1282 1508 declarat.
1357 1440 1531 1509 Seorsum

138 1566 269 1638 ambos
302 1566 379 1637 iliis
410 1565 577 1637 fontibus
617 1586 700 1635 uem
746 1588 822 1637 esse
877 1565 1067 1660 probando
1108 1567 1171 1635 rei·
1207 1565 1316 1636 cardo
1340 1565 1527 1635 'vertitur

141 1696 288 1786 Quippe
329 1692 485 1764 Socratis
525 1706 565 1764 et
606 1693 818 1763 Sozornsui'
857 1692 1027 1763 historias
1063 1692 1106 1761 io
1137 1692 1305 1787 singulus
1332 1707 1474 1785 portes,
1506 1714 1529 1758 e

142 1821 274 1911 quibus
308 1818 355 1888 eb
388 1807 600 1889 auctoribus
632 1820 857 1911 compositae
893 1833 1001 1905 sunt,
1034 1816 1203 1887 adductis
1237 1818 1530 1911 comparatisque

139 1944 322 2030 sontibus,
345 1961 528 2037 quantum
551 1947 634 2015 fieri
659 1959 821 2037 poterat,
853 1944 1108 2037 disponentes,
1140 1944 1387 2015 Sozomenum
1413 1964 1530 2035 aeque

140 2092 183 2139 ac
207 2073 396 2147 Socratem
419 2095 465 2143 ex
491 2074 578 2167 ipsis
596 2072 767 2143 ¹fontibus
789 2070 1199 2141 hausisseinrenimus.
1250 2074 1355 2162 Quae
1379 2073 1421 2140 in
1445 2070 1530 2139 uni·

140 2222 288 2269 versum
323 2198 501 2285 dix-imus,
535 2221 578 2269 ee
610 2199 766 2291 singulis
786 2198 966 2291 exemplis
985 2198 1235 2267 irrueremus
1275 2195 1392 2289 Quod
1414 2199 1529 2265 Euse-

143 2324 222 2395 bius
249 2326 504 2397 testimonium
535 2328 760 2397 narrationis
789 2326 835 2396 de
858 2348 988 2411 cruce,
1016 2347 1112 2416 qnae
1138 2325 1378 2395 Constantino
1399 2338 1527 2395 contre

138 2448 374 2521 Maxentium
413 2453 660 2544 proficiscenti
690 2454 730 2522 in
765 2452 868 2521 coelo
912 2450 1147 2542 apparuerit,
1174 2445 1319 2535 laudat,
1355 2472 1394 2518 se
1430 2448 1526 2518 scili·

140 2591 197 2645 cet
219 2576 324 2647 illem
352 2598 441 2647 cem·
451 2579 497 2649 ab
519 2580 599 2672 ipso
629 2568 867 2672 imperatore,
892 2575 1134 2653 iureiurando
1159 2599 1243 2647 eam
1269 2578 1527 2659 confirmante,

138 2704 336 2798 occepisse,
367 2702 488 2777 idem·
504 2704 575 2777 hoc
607 2705 735 2777 laudat
758 2706 982 2775 sozomenus
997 2700 1059 2791 ⁵⁴).
1098 2701 1282 2773 Socrstes
1308 2703 1356 2773 de
1376 2702 1450 2773 illo
1472 2720 1524 2773 te·

136 2830 312 2902 stimonio
352 2842 459 2903 tecet.
525 2836 652 2926 [Quem
671 2840 674 2849 '
691 2856 781 2904 rem
813 2832 982 2901 Socmtes
1005 2852 1068 2900 .ex
1100 2830 1261 2901 Eusebio
1296 2830 1527 2924 transcripsit

135 2935 259 3027 iocum
273 2956 336 3042 ⁶⁵),
360 2957 392 3025 is
413 2979 494 3029 oon
517 2958 656 3052 legitur
669 2958 769 3049 apud
793 2958 1057 3041 Sozomennm.
1109 2961 1164 3027 Ex
1195 2957 1384 3026 Athanasii
1415 2978 1526 3046 porro

137 3080 296 3173 epistola
324 3079 373 3155 ,nd
406 3081 595 3171 episcopos
630 3084 790 3175 Aegypti
822 3082 1183 3171 et·1.ibyaeiocnm
1208 3086 1434 3151 sozomenus
1456 3080 1522 3146 he·

135 3208 200 3278 iret
219 3206 295 3296 ⁵⁶),
322 3205 387 3296 qui
429 3202 528 3297 apud
575 3205 767 3280 Socratem
802 3228 878 3275 uon
912 3209 1095 3292 occurrit,
1129 3210 1217 3276 oum
1244 3208 1411 3279 Socrates
1446 3209 1525 3278 rice

136 3355 239 3405 nerse
273 3356 318 3403 ex
347 3332 539 3404 Athanasii
570 3332 813 3428 Apologetico
844 3315 891 3403 de
914 3334 1006 3427 iuge
1028 3354 1095 3403 sue
1122 3332 1232 3427 piore
1250 3334 1334 3405 ioco
1353 3335 1523 3411 insuam

136 3461 328 3533 historiam
351 3460 584 3533 transtulerit
601 3460 676 3550 ⁵⁷),
698 3480 792 3551 quae
822 3459 924 3552 opud
948 3462 1198 3536 sozomenum
1224 3475 1301 3532 uon
1327 3463 1528 3557 reperiun·

198 3697 239 3774 ⁵⁸)
263 3699 386 3759 Sotom.
408 3698 464 3762 lib.
480 3699 505 3759 1.
528 3718 555 3760 c.
570 3703 600 3765 3.
623 3696 662 3759 ci.
687 3694 802 3757 Eureb.
825 3694 905 3765 Vita,
921 3693 1032 3757 const
1055 3693 1115 3758 lib.
1131 3696 1156 3756 1.
1177 3717 1203 3757 c.
1220 3703 1275 3767 28.

129 3872 134 3885 ,
198 3807 239 3887 ³⁸)
260 3810 406 3870 Socrates
427 3808 485 3871 lib.
500 3810 525 3873 1.
547 3828 575 3869 c.
593 3814 624 3875 8.
649 3807 688 3868 ci.
710 3804 825 3865 Eureb.
848 3806 921 3866 Vite
944 3805 1053 3867 const.
1075 3807 1133 3868 lib.
1151 3806 1206 3867 111.
1226 3828 1255 3870 c.
1271 3811 1304 3873 7.
1329 3812 1369 3874 8.·
1382 3814 1413 3877 9.

197 3918 239 3998 ³⁶)
259 3920 457 3982 Soromcnur
480 3916 539 3981 lib.
554 3916 594 3982 11.
618 3938 644 3979 c.
656 3923 712 3986 30.
733 3916 773 3977 ci.
796 3912 954 3981 Athenas.
977 3934 1026 3998 cp.
1039 3914 1153 3999 adep.
1174 3910 1319 3998 'Aegypti
1341 3929 1374 3978 ct
1394 3917 1519 4006 Libyae

259 4050 287 4093 c.
308 4036 356 4099 m
380 4030 426 4089 ed.
450 4026 663 4089 Montiancon
683 4038 762 4088 torn.
780 4024 804 4085 1.
827 4031 949 4105 MSS.
991 4048 994 4053 ·
1089 4022 1093 4029 ’
1337 4066 1342 4073 -
1463 4023 1465 4028 ’

195 4140 241 4220 ⁵²)
266 4138 555 4201 Socratm'iib.11.
583 4143 676 4205 ow.
705 4136 746 4195 ci.
774 4134 942 4197 Atiranarii
971 4138 1107 4220 Apolog.¹
1133 4138 1177 4201 de
1203 4138 1279 4221 iugo
1308 4156 1363 4199 sne
1391 4158 1418 4196 e.
1435 4134 1464 4207 6]
1487 4146 1516 4204 7.

258 4264 335 4311 tom.
347 4251 372 4309 1.
399 4270 471 4332 pag.
485 4256 559 4317 32&
581 4278 621 4297 -
659 4246 806 4309 Socrates
834 4244 890 4307 lib.
900 4243 960 4311 111.
990 4268 1018 4311 o.
1035 4256 1086 4319 18.
1115 4250 1161 4316 ci.
1187 4246 1354 4313 'Athanasii
1382 4252 1515 4333 Apolog.

257 4360 299 4424 de
314 4360 389 4446 ingr
410 4380 466 4424 sna
485 4368 544 4430 ce
560 4379 624 4441 sqq.
