4392 5559
709 400 1001 491 -f,9..

140 622 264 672 causa
294 603 332 671 in
367 626 413 673 eo
440 602 556 695 posita
589 618 661 687 est,
698 604 796 693 quod
832 626 924 695 quae
953 603 1069 673 latine
1101 593 1234 693 scripta
1265 599 1477 668 invenirent
1509 598 1549 667 in

141 750 329 820 graecum
353 744 540 807 verterent
563 752 786 801 sermonem.
837 732 1034 801 Variacum
1055 751 1143 797 vero
1165 728 1374 796 versionum
1400 727 1460 794 vix
1485 724 1551 793 ali·

146 864 217 922 ter
241 856 388 925 evenire
414 858 555 949 potuit,
596 882 705 948 quam
732 873 774 927 ut
802 872 922 927 essent
945 856 1088 924 multae
1113 854 1330 925 varietates„
1369 855 1427 923 Sic
1455 852 1551 921 Con·

146 982 310 1049 stantini
341 985 493 1075 epistola
526 984 571 1051 ad
597 984 794 1076 Saporem,
832 1008 944 1075 quam
970 979 1232 1052 Theodoretus
1263 979 1399 1063 habet,
1431 977 1478 1044 ab
1509 999 1552 1043 ea

150 1110 269 1197 plane
299 1106 442 1192 differt,
473 1132 581 1198 quam
609 1109 790 1179 Eusebius
817 1110 888 1178 dat.
940 1110 1054 1175 Sensu
1084 1106 1234 1197 quidem
1258 1127 1333 1173 nun
1360 1104 1551 1184 differunt,

149 1230 219 1298 sed
249 1232 414 1301 dictione
443 1250 557 1325 atque
592 1259 655 1321 eo,
690 1233 808 1326 quod,
842 1236 998 1304 librariis
1032 1233 1368 1316 hallucinantium,
1408 1232 1448 1297 in
1474 1227 1552 1319 epi·

152 1358 252 1426 stola
283 1358 381 1450 apud
419 1362 622 1429 Eusebium
651 1362 777 1429 statim
805 1362 861 1429 ab
893 1363 1001 1431 initio
1031 1376 1130 1431 totus
1160 1362 1261 1430 locus
1292 1358 1445 1441 excidit,
1488 1353 1554 1445 qui

150 1484 254 1552 bene
279 1486 475 1577 suppletur
498 1512 520 1555 e
546 1488 801 1569 Theodoreto‚
837 1488 1030 1580 epistolam
1059 1491 1181 1557 multo
1213 1486 1457 1581 integriorem
1490 1505 1552 1549 ex-

151 1612 340 1682 hibente.'
376 1614 543 1682 Duarum
572 1617 811 1707 epistolarum
842 1616 973 1704 synodi
998 1616 1239 1683 Ariminensis
1271 1614 1318 1681 ad
1344 1610 1552 1679 Constanti·

152 1762 246 1821 urta,
279 1762 388 1826 cum,
419 1744 515 1832 quod
541 1744 766 1813 sozomenus
785 1742 854 1827 IV,
883 1752 939 1822 18.
971 1742 1114 1809 disertis
1137 1742 1255 1809 verbis
1284 1740 1392 1824 dicit,
1423 1738 1549 1806 elati·

154 1886 209 1933 no
236 1888 406 1936 sermone
433 1871 472 1935 iu
497 1892 668 1963 graecum
697 1870 941 1954 termasius,
979 1869 1091 1937 uliam
1121 1870 1219 1960 apud
1245 1867 1485 1937 Athanasium
1513 1879 1566 1962 et*

154 1996 366 2076 Socratem,
412 1994 523 2061 aliam
551 1996 648 2085 apud
677 1996 963 2065 Theodoretum
997 1997 1204 2065 versionem
1240 1998 1429 2079 habemus.
1495 1994 1552 2064 Sic

156 2141 272 2211 porro
299 2118 450 2209 epistola
476 2119 645 2189 Serdicae
667 2124 797 2213 synodi
824 2122 869 2191 ad
903 2145 1031 2192 omnes
1071 2124 1212 2214 ubique
1245 2126 1453 2215 episcopos,
1495 2139 1550 2191 at·

156 2266 232 2335 que
270 2245 402 2334 synodi
435 2247 702 2316 Alexandrinae
740 2250 895 2339 epistola
932 2249 975 2315 ad
1006 2246 1239 2334 lunianum,
1266 2272 1361 2339 quae
1392 2250 1552 2317 recitan-

158 2386 224 2441 tur
264 2392 284 2438 a
319 2370 579 2458 Theodoreto,
628 2374 789 2469 diuersae
830 2378 1095 2445 translationis.
1121 2392 1208 2446 sunt
1252 2380 1298 2446 ab
1341 2380 1408 2462 iis,
1461 2400 1551 2467 quas

158 2498 380 2567 Athanasius
410 2500 573 2589 praebet.
651 2503 733 2570 Pari
773 2504 887 2572 modo
916 2506 1111 2595 epistolum
1147 2506 1382 2573 Constantini
1413 2506 1456 2571 ll.
1503 2502 1549 2569 ad

56 2631 62 2639 '
159 2625 445 2727 Alexandrinos,
493 2643 532 2693 et
566 2630 988 2737 lnnoceutii‘epistolas
1026 2630 1072 2698 ad
1111 2633 1251 2700 clerum
1293 2633 1551 2723 populumque

157 2740 797 2845 constantinopolitanum,atque
840 2756 884 2823 ad
923 2758 1101 2825 loannem
1135 2759 1441 2847 chrysostomum
1488 2756 1549 2825 da·

145 2884 219 2955 'tas
249 2883 490 2963 Sozumenus,
535 2881 706 2975 epistolas
745 2881 948 2949 Constantii
995 2884 1041 2951 ad
1087 2884 1329 2952 Athanasium
1374 2899 1450 2954 tres
1487 2891 1550 2957 Sn-

164 3026 280 3082 crates
311 3032 330 3075 e
368 3008 484 3076 latino
518 3030 689 3075 sermone
728 3008 766 3075 in
805 3030 979 3101 graecum
1024 3032 1142 3077 versas
1182 3032 1258 3078 esse
1296 3010 1435 3079 diserte
1466 3038 1551 3105 pro·

161 3142 326 3208 litentur.
383 3134 603 3225 Symbolum
646 3131 805 3221 denique
847 3132 974 3201 Sirmii
1015 3137 1225 3225 expositum
1263 3136 1468 3207 secundum
1509 3164 1551 3209 ac

160 3268 314 3335 tertium
350 3264 464 3331 latine
504 3262 625 3353 primo
670 3258 813 3327 editum
854 3272 891 3327 et
935 3258 1072 3327 deiude
1117 3260 1157 3327 in
1199 3281 1376 3353 graecum
1413 3288 1553 3335 sermo·

161 3412 251 3458 nem
297 3412 439 3459 versum
490 3410 564 3456 esse
612 3386 739 3465 dicunt
777 3385 941 3453 Socrates
972 3388 996 3455 l·
1023 3385 1047 3454 l.
1093 3399 1133 3452 et
1164 3387 1391 3486 sozomenus
1417 3391 1488 3475 lV,
1516 3402 1557 3473 6,

161 3521 220 3588 lle
260 3518 369 3584 tertio
410 3531 535 3583 tamen
566 3511 737 3602 symbolo
768 3514 1013 3581 Montlaueon
1041 3509 1086 3579 ad
1115 3510 1291 3582 Athenas.
1318 3516 1375 3581 De
1405 3521 1555 3607 synodis

159 3645 314 3716 tonali.
349 3614 537 3735 pog.721⁸.
569 3652 723 3707 annotat
749 3638 861 3705 haec:
899 3638 1093 3721 „Latinam
1127 3626 1266 3708 hancce
1296 3642 1407 3709 iidem
1434 3645 1559 3733 primo

160 3772 272 3841 luisse
301 3744 437 3836 editam
461 3766 598 3833 deinde
625 3787 753 3859 graece
778 3788 915 3832 versam
941 3767 1046 3833 aiunt
1073 3766 1235 3834 Socrates
1255 3782 1296 3833 et
1321 3771 1552 3841 Sozumenus,

160 3898 262 3987 Quos
288 3911 413 3962 tunten
439 3892 657 3959 hallucinari
683 3906 814 3981 putant
839 3891 910 3958 viri
935 3892 1140 3983 complures
1164 3891 1418 3977 eruditissimi,
1450 3896 1588 3997 quod..

159 4048 182 4093 a
207 4025 334 4091 Marco
365 4020 580 4101 Arethusia,
620 4040 751 4112 gmece
778 4016 956 4098 homine,
998 4017 1176 4085 aceteris
1204 4018 1381 4108 episcopis
1415 4021 1551 4105 eleeto,

157 4152 376 4221 mircinnata
399 4150 529 4227 luerit,
559 4160 602 4211 nt
618 4143 851 4223 Germiuius,
878 4141 1045 4209 oculatus
1068 4143 1184 4223 testis,
1215 4164 1389 4211 ennarrat
1411 4148 1449 4213 in
1474 4151 1552 4237 epi.

158 4278 252 4347 stola
285 4299 349 4343 sua
387 4275 433 4343 ad
467 4274 667 4341 Rufianum
701 4267 797 4359 apud
832 4248 1015 4335 Hilarium
1047 4270 1189 4364 Fragrn.
1221 4280 1280 4351 14.
1321 4274 1389 4341 sula
1424 4276 1551 4347 finem.
