4392 5559
681 382 971 478 ..35-

123 591 215 661 Iulii
241 590 398 673 litteras,
430 585 476 657 ad
500 586 683 680 synodum
711 590 828 677 datas,
863 605 1017 685 propter
1039 613 1168 661 earum
1190 589 1439 683 prolixitatem
1462 618 1517 665 aa·

125 740 170 787 se
195 716 294 785 haud
317 714 522 786 adscribere
553 719 716 807 potuisse
741 720 918 811 professus
944 734 1019 803 est,
1047 718 1139 787 haec
1162 718 1265 789 addit
1283 718 1377 809 124),
1413 726 1518 809 Σαβῐ·

127 870 190 923 νος
221 848 335 930 μέντοι
367 838 385 909 ὁ
419 845 478 924 τῆς
503 845 712 912 Μακεδονίοο
745 848 911 935 αἱρέσεως,
952 834 993 913 οὗ
1021 850 1077 913 καὶ
1101 840 1165 929 ἤδη
1186 841 1356 936 ’πρότερον
1378 851 1518 935 ἐμνημο-

126 967 312 1059 νεύσομην,
344 966 404 1050 τὰς
428 968 526 1061 παρὰ
554 966 698 1039 Ἰουλίου
734 969 908 1051 ἐπιστολὰς
938 973 973 1040 ἐν
1003 972 1044 1065 τῇ
1069 973 1243 1064 συναγωγῇ
1272 974 1338 1040 τῶν
1370 969 1518 1041 συνόδων

130 1092 191 1165 οὖν
215 1097 348 1179 iduma,
381 1098 489 1163 καίτοι
512 1096 573 1179 τὴν
593 1094 686 1188 παρὰ
711 1099 777 1165 τῶν
801 1102 835 1167 ἐν
854 1092 1037 1187 Ἀντιοχείᾳ
1069 1096 1152 1187 πρὸς
1170 1093 1313 1166 Ἰούλιον
1343 1094 1380 1165 ot'
1416 1102 1517 1189 παρέ·

128 1228 228 1289 λιι-πε.
281 1224 388 1289 Τοῦτο
425 1225 458 1288 δὲ
491 1218 635 1303 σύνηθες
670 1218 761 1314 αὐτῷ
786 1230 908 1291 ποιεῖν·
945 1228 984 1291 ’ἐν
1015 1218 1063 1303 οἷς
1094 1223 1242 1315 μὲνγὰρ
1271 1231 1306 1292 al
1330 1228 1395 1291 τῶν
1420 1217 1517 1291 συνό-

131 1350 197 1417 δων
220 1350 387 1415 ἐπιστολαὶ
409 1350 544 1443 οιγῷσιν
568 1345 589 1427 ἢ
615 1345 778 1447 efferatior
801 1346 840 1415 τὸ
863 1345 1060 1436 ὁμοούσιον,
1098 1347 1222 1431 τούτοις
1243 1350 1429 1430 σπουδαίως
1454 1376 1518 1418 nor·

130 1480 320 1569 ρατίθιτοιι,
354 1475 413 1555 τὰς
439 1478 472 1541 δὲ
494 1472 641 1552 isauricis
673 1472 751 1541 ίκὼν
770 1470 965 1564 ὑπερβαίνει.

498 1706 633 1803 Rufini
655 1704 837 1779 Historia
872 1708 1141 1781 ecclesiastico.

228 1900 401 1979 Rufinus,
439 1893 685 1983 Aquileiensis
708 1893 921 1984 presbyter,
959 1893 1107 1961 Eusebii
1132 1890 1321 1983 Pamphili
1341 1890 1519 1961 historiae

132 2027 393 2100 ecclesiasticae
428 2022 589 2091 versioni
624 2041 710 2088 suae
749 2018 840 2107 duos
875 2018 1009 2086 adiecit
1042 2016 1176 2102 libros,
1224 2018 1358 2106 quihus
1391 2036 1449 2084 res
1476 2016 1519 2085 iu

131 2154 291 2233 Ecclesia
318 2150 406 2220 inde
433 2172 452 2215 a
482 2146 722 2214 Constantino
745 2144 890 2239 Magno
929 2165 1044 2235 usqua
1078 2142 1125 2211 ad
1151 2142 1410 2235 Theodosium
1433 2138 1518 2214 Ma·

133 2306 248 2379 gnum
277 2290 394 2371 gestos
419 2274 630 2363 complexus
659 2284 723 2340 est.
777 2272 1001 2353 Chromatii,
1034 2272 1226 2361 Aquileiae
1254 2270 1419 2364 episcopi
1438 2268 1521 2355 ¹2⁵),

130 2412 273 2479 monitu
320 2404 512 2472 historiam
566 2400 841 2467 ecclesiasticam
875 2397 1110 2466 concinnavit
1144 2420 1187 2465 eo
1226 2412 1396 2488 tempore
1429 2418 1518 2486 quo,

135 2534 229 2629 quod
256 2535 297 2601 iu
322 2496 548 2623 nraeiatione
571 2526 672 2609 dicit,
698 2524 984 2615 diruptaltaliae
1007 2524 1161 2591 claustra
1183 2523 1228 2590 ab
1242 2524 1400 2606 Alarico,
1426 2522 1521 2590 duce

133 2666 371 2744 Gothorum,
398 2656 576 2725 iacebant.
638 2650 707 2722 Sed
730 2654 910 2733 Rufinus,
947 2670 1022 2717 non
1049 2660 1129 2716 tam
1159 2670 1284 2715 rerum
1312 2650 1521 2732 veritatem,

134 2814 245 2887 quam
279 2786 401 2879 potius
436 2780 720 2853 mirabilitatenr
758 2792 870 2867 atque
908 2774 1113 2845 novitatem
1143 2769 1323 2861 sectatus,
1353 2774 1520 2844 historici

132 2938 273 2988 nomen
296 2934 425 3005 parurn
453 2923 589 2979 tuetur.
641 2906 801 2995 Ideoque
828 2901 938 2969 fontis
964 2900 1147 2985 historici,
1177 2900 1326 2989 qualem
1355 2900 1434 2970 eius
1455 2924 1522 2969 no·

134 3046 274 3114 tionem
298 3064 406 3133 supra
431 3037 706 3116 constituimus,
733 3032 792 3097 vix
819 3028 932 3096 habet
956 3026 1225 3094 auctoritatem.
1277 3031 1400 3117 Atque
1424 3050 1521 3118 quae

131 3173 253 3243 statim
274 3172 313 3237 iu
338 3167 487 3237 exordio
510 3165 621 3232 huius
644 3155 966 3229 commentationis
989 3152 1094 3221 illius
1118 3157 1299 3243 temporis
1324 3153 1518 3223 historico·

131 3320 215 3365 rum
252 3297 339 3363 vitia
390 3290 600 3363 communia
641 3282 962 3362 enumeravimus,
1011 3276 1056 3347 iis
1080 3278 1240 3346 Rufinus
1269 3279 1328 3347 rel
1355 3279 1521 3349 maxime

129 3424 282 3493 laborat.
338 3418 484 3485 Etenim
509 3436 621 3484 nemo
654 3406 885 3479 mirabilium
922 3400 1109 3471 credulior
1130 3402 1370 3493 partiumque
1394 3404 1519 3475 studio
1560 3397 1564 3405 ⁴

130 3546 308 3618 addictior
327 3542 463 3613 Rufino
483 3539 562 3627 126).
613 3539 716 3605 Duos
753 3536 862 3603 hosce
898 3526 1074 3597 historiae
1106 3530 1371 3601 ecclesiasticae
1404 3534 1518 3607 libros

173 3842 399 3921 12*)ῐιίίοι.ΙΙ.
427 3860 496 3921 cap.
521 3842 572 3907 17.

173 3954 280 4033 ΜΗ
310 3974 373 4034 quo
401 3954 557 4032 baptisma
585 3958 750 4027 acceperat
776 3944 862 4007 circa
892 3960 1016 4005 annum
1046 3944 1122 4009 372.
1165 3940 1214 4003 Ci.
1240 3940 1423 4006 Tillemont
1443 3944 1514 4008 Me·

254 4068 350 4125 mair.
373 4064 449 4124 eccl.
469 4077 546 4123 tom.
568 4058 639 4121 ΧΠ.
660 4078 730 4139 pag.
751 4060 804 4122 34.

172 4174 233 4259 m)
254 4176 337 4235 Cum
367 4174 456 4233 hisee
486 4174 670 4247 conspirant
699 4170 840 4229 virorum
869 4164 1039 4225 doctorum
1069 4160 1110 4223 de
1132 4162 1256 4225 Rufino
1285 4121 1413 4231 iudicia.
1455 4169 1514 4231 lolt

254 4284 370 4367 Georg.
391 4282 513 4345 Waloh.
534 4280 621 4343 aaut.
643 4291 725 4359 patr.
748 4280 828 4345 sta.
861 4276 976 4348 „linos
997 4275 1188 4356 posteriores
1207 4275 1306 4339 libror
1334 4278 1404 4360 ipso
1424 4276 1513 4339 nau·
