4392 5559
1181 309 1473 407 250„

634 530 757 601 const.
778 525 851 610 tv,
873 524 995 606 9-14.
1035 518 1243 606 Eusebius,
1276 520 1383 590 euius
1408 516 1490 591 han·
1504 520 1545 591 in
1572 535 1617 591 re
1643 517 1764 589 maior
1788 532 1846 589 est
1870 517 2031 591 anctori-

635 669 691 725 tas
715 674 830 745 quam
855 649 1053 733 seriorum,
1070 645 1181 723 ,hanc
1208 649 1404 741 epistolam
1428 648 1555 719 datam
1581 668 1662 720 ease
1685 645 1778 717 dicit
1803 656 1832 715 a·
1849 646 2032 717 Constan·

637 780 718 850 tino
742 776 790 846 ad
814 778 991 867 Saporem
1018 796 1084 866 per
1113 775 1255 868 legatos
1275 779 1421 861 Persas,
1449 778 1516 868 qui
1537 800 1638 847 auno
1656 786 1743 861 333.
1768 776 2032 847 Constantino·

635 904 741 998 poiin
766 899 957 982 venerint,
985 898 1032 967 ad
1059 900 1290 973 Christianos
1314 902 1355 973 in
1374 905 1524 977 Perside
1546 905 1726 1001 degentes
1746 906 1845 996 regis
1870 904 2033 977 benero-

635 1034 770 1103 leutiae
800 1024 1126 1099 commendandos.
1167 1032 1340 1121 Quocum
1370 1047 1646 1125 argumentum.
1667 1033 1847 1126 epistolae
1877 1035 2033 1129 egregie

635 1156 832 1251 conspirat.
886 1154 941 1224 Cf.
964 1151 1130 1227 Manuos
1149 1154 1278 1227 Laden
1298 1156 1534 1260 Konstantin
1558 1163 1595 1231 d.
1617 1159 1690 1231 Gr.
1717 1159 1758 1231 S.
1787 1169 1873 1243 198.
1919 1160 2032 1231 Sozo-

634 1306 769 1365 menus
801 1306 910 1370 vero,
951 1284 1016 1377 qui
1045 1284 1223 1377 epistolae
1260 1303 1529 1381 argumentum
1567 1286 1829 1358 tautummodo
1864 1289 2035 1379 exponit,

635 1435 718 1487 eam
741 1411 915 1505 scriptam
936 1432 1014 1481 esse
1036 1411 1212 1503 opinatur
1235 1435 1258 1481 a
1276 1416 1540 1501 Constantino,
1571 1432 1615 1487 ut
1631 1417 1858 1485 Christianos
1882 1417 1924 1485 in
1943 1418 2033 1484 Per·

635 1540 715 1613 side
737 1562 759 1608 a
781 1542 1058 1633 persecutione,
1080 1563 1194 1633 quam
1214 1544 1255 1612 in
1275 1543 1580 1615 antecedentibus
1603 1546 1721 1613 fusius
1743 1544 1951 1630 enarravit,
1980 1540 2027 1611 li·

635 1665 795 1741 hereret.
844 1672 916 1742 Sed
948 1684 1185 1767 praepostera
1213 1674 1409 1743 sozomeni
1437 1673 1716 1763 interpretatio,
1752 1673 1857 1743 cuius
1885 1672 1926 1740 in
1948 1672 2028 1763 ipsa

637 1803 794 1896 epistola
819 1800 971 1870 nullum
1001 1810 1107 1868 extat
1142 1812 1428 1893 argumentum,
1464 1800 1505 1868 in
1528 1822 1636 1869 cansa
1665 1800 1762 1884 fuit,
1795 1797 1895 1891 quod
1922 1800 2031 1869 illam

637 1928 933 2000 Christianorum
954 1924 1251 2017 persecutionem
1270 1928 1311 1995 in
1330 1927 1480 1999 Perside
1500 1929 1630 1998 iactam
1658 1952 1855 2022 perperam
1877 1939 2028 2022 putaret

639 2056 706 2129 suh
725 2054 887 2150 imperio
906 2051 1161 2138 Constantini,
1182 2076 1271 2123 eum
1298 2056 1446 2141 tamen,
1474 2056 1680 2125 secundum
1699 2057 1975 2146 Hieronymum
1992 2056 2033 2123 in

638 2180 796 2270 Chrom,
829 2184 925 2253 iacta
959 2182 1115 2251 demum
1149 2183 1198 2251 sit
1221 2204 1323 2249 anno
1344 2189 1432 2263 343·
1483 2182 1626 2253 Eodem
1647 2206 1796 2271 errore,
1825 2206 1901 2276 quo
1921 2182 2032 2254 Sozoss

585 2282 590 2290 ἱ
638 2320 791 2400 merrus,
807 2310 1079 2400 ¹Theodoretus
1101 2332 1254 2402 quoque
1279 2310 1404 2401 lapsus
1422 2320 1488 2378 est

740 2563 927 2636 Eiusdem
951 2564 1136 2659 epistolae
1166 2558 1505 2634 od‘Atlrunoaium
1533 2557 1816 2656 fragmentum.
1867 2564 2032 2634 Athana·

639 2693 713 2763 sius
733 2693 885 2761 iubetur
902 2690 1031 2759 Arium
1052 2688 1253 2757 admittere
1273 2686 1320 2755 ad
1345 2686 1536 2755 ecclesiam
1557 2687 1857 2761 Alexandrinam.
1909 2694 2030 2762 Socra·

612 2822 753 2903 tesi,
790 2830 852 2901 27.
911 2822 1137 2889 Sozomenus
1167 2816 1223 2901 11,
1256 2824 1318 2895 22·
1367 2813 1558 2887 Athanasii
1589 2817 1693 2909 Apol.
1722 2832 1849 2886 contra
1878 2817 2033 2887 Menos

637 2949 775 3021 tom.I.
810 2968 893 3043 pag.
922 2952 1035 3028 17801

739 3185 925 3259 Eiusdem
954 3182 1120 3279 epistola
1143 3183 1193 3252 od
1213 3181 1515 3256 Alexandrinos.
1567 3187 1626 3254 De
1652 3184 1815 3255 insontia
1843 3182 2032 3253 Athanasii

640 3338 663 3384 a
688 3312 907 3397 criminibus
935 3310 982 3377 ab
1003 3309 1151 3379 Arianis
1169 3308 1207 3377 ei
1230 3309 1372 3378 affictis
1424 3310 1648 3379 Theodorei„
1672 3312 1706 3398 1,
1731 3322 1793 3394 27.
1824 3326 2031 3382 extremam

643 3442 723 3509 eius
748 3453 895 3530 partem
923 3433 1043 3505 habet.
1093 3433 1232 3503 Totum
1268 3432 1334 3504 dat
1360 3436 1485 3509 Mansi
1512 3440 1667 3511 Collect.
1699 3440 1832 3511 concii
1870 3442 2034 3510 tom.11.

643 3586 725 3661 pag.
756 3571 866 3645 1131·

732 3798 934 3897 'Eiusdem
964 3802 1151 3897 epistolae
1183 3805 1233 3874 od
1261 3804 1455 3898 synodum
1483 3803 1586 3899 iyri
1614 3812 1892 3895 congregatum
1923 3802 2033 3871 dune.

645 3925 762 3999 Priori
799 3929 955 4021 epistola
974 3930 1242 3999 Constantinus
1261 3927 1447 4020 synodum
1465 3930 1658 4013 hortatur,
1688 3942 1730 3997 ut
1754 3940 1934 4029 quantum
1954 3925 2036 3995 iieri

647 4056 758 4145 possit
776 4054 815 4123 in
839 4078 968 4146 pacem
992 4080 1077 4126 cum
1101 4057 1303 4127 Athanasio
1329 4056 1467 4125 redeat.
1517 4053 1715 4124 Posteriori
1738 4076 1825 4123 sero
1848 4053 2037 4145 synodum

637 4179 694 4280 ad
715 4203 754 4277 se
781 4198 908 4253 euocat
929 4164 1296 4279 Constantinopolin,
1333 4199 1377 4253 ut
1394 4204 1526 4251 coram
1539 4181 1619 4273 ipso
1636 4180 1833 4251 Athanasii
1851 4202 1959 4250 eausa
1977 4176 2037 4249 di·
