4392 5559
1214 344 1505 440 ιιι-72...

664 549 838 619 babuisse
863 549 1069 619 consilium.
1124 548 1223 619 Hinc
1245 550 1440 619 fluxerunt
1466 548 1555 619 illae
1578 544 1725 632 laudes,
1761 567 1859 637 quae
1880 548 2077 619 consun-

666 680 787 747 tiuom
822 678 1037 766 ubicunque
1072 676 1373 748 strenuissimum
1407 676 1582 746 ecclesiae
1613 674 1845 743 Christianae
1876 692 2079 767 protecto·

665 829 768 888 rem,
798 802 914 871 rarius
938 825 1025 869 vero
1049 802 1219 891 quamvis
1241 802 1372 871 multis
1394 804 1548 871 maculis
1571 801 1807 893 adspersum,
1843 803 2080 891 ceteroquin

668 946 792 1006 tamen
820 930 1023 1022 insignem,
1060 929 1267 1020 principem
1303 930 1502 999 celebrant.
1554 933 1609 999 Ex
1648 929 1781 997 eodem
1812 929 1879 997 illo
1911 928 2078 997 consilio

666 1054 827 1147 prodiit,
870 1052 970 1145 quod
1005 1054 1139 1143 quibus
1171 1055 1250 1123 laus
1273 1055 1517 1125 Constantino
1553 1056 1744 1125 conciliari
1778 1053 1989 1137 videretur,
2023 1074 2071 1119 ea

667 1183 762 1251 mire
784 1194 1044 1276 exaggeraret,
1070 1181 1127 1247 sin
1155 1181 1298 1265 minus,
1325 1204 1383 1249 res
1407 1184 1483 1257 sive
1509 1184 1769 1272 detorqueret,
1810 1182 1886 1249 sive
1910 1180 2076 1249 omuino

667 1324 806 1380 taceret
826 1321 965 1377 auctor.
1019 1306 1169 1375 Etenim
1196 1308 1226 1375 si
1258 1311 1433 1379 omnibus
1466 1312 1541 1381 illis
1578 1288 1778 1381 virtutibus
1801 1310 2097 1381 Constantinus·

673 1437 862 1530 praeditus
883 1436 1027 1519 luisset,
1058 1434 1194 1524 quibus
1214 1458 1303 1505 eum
1323 1438 1536 1527 praeditum
1559 1440 1708 1511 extollit
1725 1439 1926 1521 Eusebius,
1955 1457 2073 1503 nemo

670 1586 835 1658 unquam
855 1563 1028 1655 princeps
1051 1561 1230 1631 extitisset
1247 1562 1449 1658 insignior,
1475 1589 1587 1635 nemo
1610 1567 1751 1635 clarior.
1779 1570 1956 1633 Attamen
1977 1564 2072 1631 sibi·

671 1708 749 1763 met
771 1695 851 1785 ipse
872 1688 1089 1761 contradicit
1111 1704 1249 1759 auctor.
1300 1693 1359 1761 De
1384 1715 1428 1762 eo
1452 1693 1705 1785 potissimum,
1743 1688 1843 1780 quod
1871 1691 1942 1758 snb
1966 1688 2068 1759 Con·

671 1822 826 1890 stautini
864 1819 1026 1909 imperio
1061 1816 1228 1885 iudicum
1276 1817 1391 1911 gladii
1437 1820 1546 1888 otiosi
1584 1819 1768 1885 lacuerint
1787 1817 1864 1903 ⁹¹),
1910 1830 2071 1907 paterno

674 1950 848 2039 principis
885 1968 1010 2013 amore
1052 1945 1195 2036 potius,
1249 1966 1362 2033 quam
1404 1945 1440 2013 ri
1488 1967 1530 2013 ac
1573 1944 1849 2025 dominatione,
1906 1940 2071 2033 populos

673 2085 883 2157 coercente,
923 2070 1214 2166 gloriabundus,
1270 2071 1318 2137 ob
1364 2093 1474 2161 quam
1512 2072 1749 2140 clementiam
1795 2072 2071 2161 imperatorem

673 2189 873 2286 collaudat,
912 2200 961 2270 ob
992 2196 1151 2267 eandem
1186 2196 1260 2265 alio
1291 2196 1375 2267 loco
1409 2219 1430 2263 a
1462 2219 1539 2265 sese
1572 2198 1777 2291 impetrare
1812 2219 1889 2267 non
1919 2194 2068 2287 potuit,

674 2336 765 2426 quin
801 2353 889 2400 eum
925 2348 945 2394 a
979 2324 1107 2393 multis
1150 2323 1421 2415 reprehensum
1458 2326 1677 2395 confiteatur
1698 2328 1765 2415 ⁹2).
1830 2324 1924 2414 Quis
1956 2342 2072 2412 porro

674 2460 812 2543 credat,
857 2456 933 2524 eius
960 2450 1141 2519 celebrari
1167 2449 1328 2541 potuisse
1361 2450 1600 2521 clementiam
1631 2466 1744 2544 atque
1769 2452 2072 2533 humanitatem,

676 2587 758 2678 qui,
795 2596 839 2651 ut
870 2581 938 2649 alia
966 2579 1074 2669 plura
1103 2591 1242 2645 taceam
1275 2577 1438 2647 facinora
1448 2577 1514 2669 9³),
1552 2600 1600 2647 ne
1625 2580 1703 2649 filio
1732 2578 1884 2673 quidem
1909 2598 1977 2645 suo
2002 2596 2072 2669 ρε-

686 2800 1189 2833 ...ω-,Μ

727 3004 731 3016 Ι
800 2931 1005 3019 παρατάξεις
1027 2927 1201 3010 πολέμων,
1231 2929 1407 3012 ἀριστείας
1426 2956 1466 2995 τε
1485 2934 1543 2995 καί
1562 2933 1657 3007 νίκας
1679 2933 1736 2995 καὶ
1756 2931 1905 3016 τρόπαια
1922 2931 1971 2993 τὰ
1991 2934 2073 2991 κατ’

800 3048 945 3133 ἐχθραῗν,
974 3040 1161 3126 θριάμβους
1187 3063 1227 3101 τε
1247 3038 1399 3114 ὁπόσους
1420 3040 1540 3122 ἤγαγε,
1570 3041 1656 3127 πρός
1680 3064 1718 3101 τι
1741 3038 1783 3101 τὸ
1805 3041 1975 3126 συμφέρον
1999 3039 2072 3100 tua-

757 3148 760 3155 ’
800 3148 886 3218 στου
907 3149 1127 3236 διωρισμένα,
1155 3145 1262 3232 νόμον
1282 3173 1320 3210 τε
1341 3148 1529 3227 διατάξεις,
1550 3151 1602 3224 ἐίς
1622 3152 1678 3211 ἐπὶ
1701 3150 1898 3231 λυσιτελείᾳ
1919 3154 1979 3221 τῆς
1999 3154 2068 3208 τόν

801 3263 996 3345 ἀρχομένων
1018 3256 1196 3330 πολιτείας
1218 3258 1464 3334 συνετάττετο,
1492 3260 1676 3336 πλείστους
1698 3259 1857 3335 τάλλους
1884 3260 2070 3338 βασιλικῶν

800 3372 919 3436 ἄθλων
934 3369 1075 3447 ἀγῶνας,
1095 3364 1211 3437 τούςδε
1229 3366 1323 3447 παρὰ
1338 3382 1412 3443 τοῖς
1425 3378 1514 3432 πᾶσι
1529 3373 1828 3455 μνερονευομίνους
1838 3370 1998 3452 παρήσειν
2008 3368 2067 3448 μοί

803 3486 899 3555 δοκῶ,
921 3481 987 3539 roo*
1006 3481 1065 3549 τῆς
1085 3474 1297 3559 προκειμένης
1318 3480 1395 3559 ἡμῖν
1415 3482 1645 3565 πραγματείας
1666 3489 1795 3543 σκοποῦ
1817 3481 1907 3564 μόνα
1927 3479 1975 3541 τὰ
1988 3474 2070 3559 πρὸς

681 3651 683 3657 ,
800 3590 862 3655 τὸν
882 3588 1027 3667 θεοφιλῆ
1049 3584 1270 3648 συντείνοντα
1283 3586 1356 3665 βίον
1376 3589 1485 3671 λέγειν
1505 3615 1544 3654 τε
1565 3593 1623 3651 καὶ
1641 3593 1783 3677 γράφειν
1803 3588 2068 3669 ὑποβάλλοντας.

738 3712 780 3785 ⁹¹)
802 3704 873 3767 Lib.
893 3700 949 3762 llI.
981 3716 1047 3777 capt
1073 3704 1103 3763 1.

740 3821 783 3896 ⁹²)
806 3814 877 3877 Lib.
900 3811 954 3871 IV.
985 3828 1052 3887 cap·
1072 3812 1124 3875 31.

740 3930 783 4009 ⁹³)
805 3926 915 3987 Veluti
943 3920 1022 3981 tuo·
1053 3918 1249 3979 Franoornm
1277 3922 1441 4000 principer
1470 3922 1558 3983 bello
1590 3936 1698 4004 captos
1726 3924 1958 3985 Constantinus
1988 3924 2069 3985 ieris

805 4034 903 4096 obiici
923 4034 1033 4103 iussit,
1064 4050 1128 4109 quo
1149 4031 1255 4109 gentio
1271 4032 1431 4109 primore·
1444 4050 1463 4091 a
1478 4034 1692 4094 rebellatione
1714 4034 1965 4093 deterrerentur.
2009 4033 2073 4092 Eo-

804 4146 879 4203 dem
905 4143 1060 4221 eopplioio
1081 4140 1171 4203 allici
1190 4141 1284 4200 iuuit
1303 4138 1479 4201 Bructeros
1505 4157 1620 4221 captor·
1663 4144 1847 4205 Eunomior
1872 4142 1990 4223 Paneg.
2013 4144 2072 4202 Vl.

807 4260 858 4323 12.
873 4260 904 4322 3.
946 4254 1020 4316 Pari
1041 4253 1136 4315 modo
1158 4250 1245 4313 bello
1263 4250 1463 4331 contorseris
1483 4256 1620 4334 proiecit
1640 4265 1775 4316 testante
1792 4254 1921 4316 Zosimo
1936 4254 1992 4320 111.
2018 4262 2075 4322 17.
