4392 5559
1211 346 1499 432 ..gg-

660 550 787 619 dioeri.
840 548 997 639 Propter
1032 542 1130 636 quod
1169 545 1230 615 dei
1260 546 1372 615 solius
1402 550 1501 617 inter
1533 568 1596 614 vos
1628 556 1820 635 expectate
1852 542 2061 630 iudicium,

662 692 703 745 ct
728 689 845 743 vestra
871 672 1011 765 iurgia,
1046 692 1288 761 quaecunque
1317 688 1423 758 eunt,
1465 672 1512 740 ad
1541 671 1641 741 illud
1666 671 1837 741 divinum
1864 692 2062 739 reserven-

664 818 728 871 tur
754 820 916 870 exemeo.
968 801 1039 865 Vos
1065 794 1292 865 enimadeo
1321 798 1427 866 nobie
1449 798 1526 867 dati
1551 797 1637 866 estis
1664 796 1738 881 dii,
1773 810 1811 865 et
1831 796 2064 865 couveniens

666 938 833 1008 nonest,
867 936 911 990 ut
933 920 1045 989 homo
1068 918 1211 989 iudicet
1235 919 1341 1006 deos,
1371 923 1436 991 sed
1461 925 1530 992 ille
1552 926 1671 1009 solus,
1703 923 1750 991 de
1778 945 1850 1013 quo
1873 922 2062 1012 scriptum

667 1064 741 1120 est:
778 1050 879 1116 Deus
905 1048 1008 1114 stetit
1031 1046 1070 1114 in
1094 1066 1278 1139 synagoga
1302 1045 1478 1133 deorum,
1513 1050 1555 1117 in
1575 1047 1703 1119 medio
1724 1060 1850 1115 autem
1873 1046 1958 1115 deos
1985 1044 2064 1111 dis·

666 1176 784 1247 ceruit
802 1173 904 1261 ι31).“
954 1170 1159 1241 Monachoe
1183 1169 1364 1261 denique,
1390 1194 1550 1262 quorum
1576 1188 1655 1241 acta
1679 1172 1801 1243 nescio
1829 1192 1902 1261 quo
1928 1168 2059 1237 altiori
2178 1217 2179 1220 ,

669 1302 806 1394 spiritu
837 1297 983 1369 tradere
1018 1300 1131 1379 solet,
1175 1296 1270 1365 adeo
1303 1298 1345 1365 in
1384 1298 1526 1369 deliciis
1563 1298 1695 1367 habuit
1727 1300 1882 1367 Rufinus
1898 1297 1977 1382 132),
2013 1306 2064 1360 ut

669 1430 820 1497 beatum
865 1446 942 1493 sese
989 1423 1195 1515 praedicet,
1245 1424 1345 1515 quod
1391 1448 1522 1495 eorum
1565 1424 1738 1494 manibus
1786 1422 1855 1491 sibi
1901 1416 2062 1490 benedi·
2178 1449 2179 1454 ¹

669 1569 775 1625 ctum
816 1552 882 1621 sit-⁸

681 1795 1170 1821 Μ

716 1966 778 2045 ¹³¹)
798 1962 884 2023 Libr.
906 1961 932 2020 1.
955 1978 1022 2039 cap.
1045 1966 1076 2026 2.
1100 1964 1131 2025 5.
1174 1958 1264 2021 Libr.
1282 1961 1307 2020 1.
1330 1980 1399 2040 cap.
1424 1966 1474 2029 16.
1504 1961 1760 2023 Courtautinum
1782 1972 1950 2040 propterea
1978 1963 2059 2024 reli·
2179 1949 2180 1962 ¹

799 2072 927 2153 giorum
947 2070 1024 2131 dicit
1041 2070 1240 2149 principem,
1262 2072 1400 2150 „quippe
1419 2073 1474 2151 qui
1490 2072 1582 2133 omni
1603 2072 1705 2131 etudio
1719 2083 1753 2131 et
1773 2071 1946 2151 diligentia
1965 2092 2062 2133 cura·
2179 2061 2180 2104 ἶ

799 2196 865 2256 ret,
894 2201 974 2262 quae
995 2194 1106 2243 nostra
1129 2186 1237 2241 runt.“
1278 2183 1386 2259 Aequa
1406 2200 1445 2240 ac
1466 2181 1623 2241 Eusebius
1646 2178 1782 2239 Rufino·
1801 2200 1944 2261 quoque,
1972 2184 2065 2261 quod

800 2294 841 2355 ab
856 2294 988 2372 ingenio
1006 2290 1154 2353 historici
1169 2304 1216 2351 ert
1230 2290 1481 2363 alienissimum,
1505 2290 1709 2352 Constantini
1731 2293 1880 2353 victoriae
1901 2294 1997 2352 unice
2017 2292 2066 2351 ad

800 2406 869 2465 eiur
891 2403 1044 2481 pietatem
1066 2402 1174 2461 refert.
1217 2400 1304 2461 Libr.
1326 2402 1351 2463 Ι.
1370 2420 1437 2482 cap.
1458 2408 1489 2467 8.
1511 2401 1591 2462 dicit
1613 2400 1768 2461 Rufinus:
1800 2402 1946 2474 „Interea
1971 2404 2064 2465 Con·
2179 2383 2180 2386 Ἴ

802 2515 961 2576 nantinus
984 2513 1103 2589 pietate
1124 2510 1223 2570 fretus
1247 2510 1405 2572 Sarmatae
1427 2513 1591 2582 edomuit,
1620 2525 1653 2571 et
1674 2525 1791 2590 quanto
1812 2516 1913 2593 magir
1933 2533 1966 2572 re
1985 2514 2066 2576 reli·

802 2627 889 2704 giore
911 2633 943 2679 et
967 2619 1137 2680 humiliter
1161 2619 1218 2679 deo
1240 2620 1431 2695 sufficeret,
1460 2634 1550 2682 tanto
1579 2621 1718 2701 ampliur
1748 2621 1827 2682 deur
1855 2624 1885 2684 ei
1913 2626 2065 2685 universa

803 2730 988 2794 rubdabarr‘
1032 2728 1068 2788 Si
1088 2728 1226 2807 denique
1248 2730 1362 2791 eodem
1382 2730 1455 2791 loco
1477 2730 1588 2793 rcribit
1607 2730 1764 2792 Rufinus:
1792 2730 1862 2806 „ad
1877 2733 2062 2794 Antonium

802 2857 948 2923 quoque,
970 2840 1112 2917 primum
1134 2842 1237 2899 eremi
1260 2838 1493 2916 habitatorem,
1524 2844 1611 2903 velut
1636 2842 1677 2902 ad
1699 2860 1802 2901 unum
1820 2860 1859 2901 ex
1880 2842 2065 2922 prophetia,
2180 2853 2182 2872 '

805 2952 928 3013 litterae
953 2945 1142 3026 ruppliciter
1163 2948 1269 3020 misit,
1297 2962 1333 3008 ut
1355 2970 1412 3029 pro
1439 2972 1472 3011 ce
1499 2972 1539 3013 ac
1559 2954 1671 3014 liberie
1694 2953 1826 3014 domino
1853 2952 2065 3031 supplicaret.

804 3064 852 3125 tu
876 3080 942 3121 non
964 3059 1069 3119 rolum
1090 3059 1215 3119 meritir
1236 3061 1300 3119 cuir
1308 3102 1318 3132 ,
1346 3074 1378 3121 et
1397 3063 1556 3141 religione
1574 3064 1705 3136 matris,
1732 3062 1786 3120 sed
1809 3076 1841 3121 et
1861 3064 2066 3122 intercessio·

679 3180 684 3189 '
807 3192 850 3235 ne
874 3185 1054 3231 sanctorum
1078 3170 1372 3234 commendabilem
1397 3173 1510 3231 redeo
1534 3173 1606 3231 fieri
1627 3170 1815 3252 gestiebat.“
1855 3174 1908 3231 cui
1930 3172 2064 3233 taudem
2180 3203 2181 3234 r

807 3280 888 3342 talia
910 3280 949 3339 de
972 3279 1184 3340 Constantino
1206 3280 1434 3361 perruadebit?

729 3447 789 3529 1³²)
809 3444 898 3505 Libr.
923 3442 964 3503 11.
993 3461 1062 3521 cap.
1077 3444 1109 3507 4.
1127 3440 1169 3501 de
1189 3440 1356 3503 monachi·
1379 3462 1436 3523 per
1451 3446 1637 3525 Aegyptum
1656 3442 1845 3523 degentibua
1871 3440 1967 3503 dicit:
1992 3447 2064 3525 Qui

812 3553 1008 3615 consortium
1029 3553 1110 3610 ritae
1132 3563 1165 3610 et
1185 3563 1318 3611 actuum
1340 3570 1405 3613 non
1428 3572 1504 3615 cum
1526 3558 1641 3615 ceteris
1670 3552 1877 3614 mortalibus.
1907 3556 1961 3613 red
1988 3576 2065 3617 cum

810 3652 955 3743 superni·
977 3660 1103 3741 angulir
1124 3660 1247 3721 habere
1267 3661 1489 3723 credebantur.
1532 3664 1622 3725 Libr.
1638 3662 1679 3723 11.
1701 3640 1772 3741 cap.
1795 3682 1824 3740 7.
1846 3664 1886 3723 de
1907 3664 2067 3743 Dydimo‚

811 3772 950 3852 Aegypti
973 3768 1149 3841 monacho,
1182 3772 1248 3829 ita:
1278 3771 1370 3841 „Nor
1392 3770 1537 3832 divinum
1559 3775 1667 3833 nescio
1687 3773 1764 3851 quid
1786 3786 1819 3833 et
1840 3794 1931 3852 supra
1953 3775 2068 3838 huma-

815 3901 892 3943 narn
916 3901 1026 3943 rocem
1046 3899 1162 3943 conane
1191 3882 1228 3941 iu
1249 3881 1317 3939 eiua
1345 3885 1548 3945 sermonibus
1575 3886 1796 3961 agnovimur.“
1838 3883 1972 3945 Rullum
1999 3892 2070 3968 ipae

812 3991 1012 4069 aliquamdiu
1034 3992 1068 4050 in
1091 3990 1284 4051 monarterio
1306 3988 1482 4071 Aquilegee
1503 3991 1650 4073 degebat.
1696 3990 1876 4059 Tillemont
1895 3995 1997 4061 Mem.
2017 4019 2075 4060 ec-

811 4100 887 4162 cler.
909 4112 986 4165 tom.
1007 4098 1076 4161 XII.
1098 4118 1172 4180 pag.
1192 4102 1244 4169 34.
1340 4156 1344 4162 .
