4392 5559
752 317 1043 415 ...51-

193 526 378 623 ligantias
411 524 664 615 dirimeretur.
715 528 879 619 Utraque
911 528 1044 619 scripta
1073 541 1129 597 est
1155 537 1255 597 anno
1282 535 1370 611 335'.
1407 531 1592 603 'Priorem

189 653 350 723 exhibet
374 652 593 723 Theodoret
616 654 650 736 l,
666 663 725 735 29.
748 654 1020 725 Eusebiusvit.
1038 654 1164 723 Const.
1180 657 1250 739 IV,
1273 663 1333 735 49.
1361 670 1506 747 partem
1525 656 1592 723 ha-

194 781 272 849 bet.
325 780 447 848 Mansi
472 780 623 849 Collect.
648 779 779 848 concil.
808 782 960 851 tom.li.
985 802 1069 873 pag.
1091 788 1199 861 1139.
1250 780 1495 851 Posteriorem
1525 783 1591 849 ha·

188 906 287 973 bant
301 894 470 974 Socrates
490 906 602 990 Ῑ,34.
653 909 878 977 sozomenus
891 908 925 975 II
936 952 946 990 ,
958 915 1019 988 28.
1070 906 1359 1000 AthanasApol.
1372 904 1593 981 adamim.

193 1044 293 1101 tom.
306 1032 333 1101 1.
360 1055 441 1127 pag.
459 1042 543 1113 201.

298 1196 487 1303 Eiusdem
516 1176 700 1295 epistolae
728 1202 777 1269 ad
799 1201 1013 1273 Antoniam
1049 1198 1277 1273 monachum
1300 1195 1586 1294 fragmentum.
1676 1293 1683 1298 ⁴

190 1326 459 1395 Constantinus
481 1328 642 1396 Antonio
670 1327 890 1418 respondet,
922 1349 1001 1396 sese
1022 1328 1264 1417 Athanasium
1285 1329 1331 1397 a'b
1354 1329 1465 1397 exilio
1485 1350 1590 1397 reeo-

190 1448 281 1519 caie
308 1474 385 1522 non
411 1474 523 1545 posse.
576 1454 718 1544 Scripta
754 1468 809 1523 est
837 1454 952 1549 igitur
984 1455 1076 1549 haec
1107 1455 1262 1547 epistola
1288 1468 1372 1548 post
1395 1453 1588 1550 Athanasii

191 1558 483 1674 relegationem,
522 1600 616 1670 quaa
645 1579 777 1649 accidit
804 1602 904 1651 anno
927 1592 1014 1665 335.
1065 1587 1291 1653 sozomenus
1312 1584 1365 1668 Il,
1390 1588 1452 1664 31.

256 1784 261 1791 ·
296 1736 484 1832 Eiusdem
505 1762 667 1857 epistola
684 1762 733 1833 ad
739 1758 949 1835 Eusebium
956 1817 969 1855 ,
998 1762 1211 1837 Caesareae
1231 1765 1457 1860 episcopam.
1490 1764 1587 1837 Con·

194 1867 379 1957 stantinus
393 1869 552 1959 Eusebio
573 1887 636 1958 dat
660 1888 897 1976 mandatum,
923 1906 967 1961 ut
990 1890 1131 1963 codices
1153 1912 1276 1961 sacrae
1295 1891 1500 1983 scripturae
1526 1918 1589 1965 cu·

193 1994 261 2087 ret*
284 2016 553 2087 describendos.
604 2016 699 2085 Data
731 2030 787 2087 est
818 2038 918 2088 anno
945 2026 1032 2101 335.
1082 2020 1304 2103 Socratesl,
1327 2027 1361 2100 9.
1413 2017 1588 2111 Theodo-

192 2156 263 2216 rat.
294 2146 403 2229 1,16.
457 2144 637 2213 Eusebius
659 2143 870 2213 Vit.Const.
889 2145 958 2229 IV,
985 2153 1047 2225 36.
1096 2143 1270 2228 Eusebii,
1301 2142 1366 2241 qui
1395 2144 1587 2217 hasce‘lit·

193 2288 288 2344 teras
310 2270 415 2341 brevi
440 2284 528 2339 ante
551 2270 767 2371 tricennalia
795 2260 1033 2365 Constantini
1058 2272 1187 2365 pouit,
1219 2271 1401 2350 maiorem
1421 2294 1498 2341 esse
1520 2294 1587 2341 au·

195 2386 426 2482 claritatem,
459 2421 567 2489 qaam
589 2398 747 2468 Socratis
773 2412 885 2489 atque
910 2398 1159 2501 Theodoreti,
1190 2398 1258 2491 qui
1286 2420 1347 2486 eas
1367 2420 1452 2467 cunt
1486 2400 1586 2471 litte·
1673 2406 1676 2408 ’

193 2530 243 2597 ris
279 2525 325 2595 ad
357 2524 521 2595 eundern
544 2524 748 2593 Eusebium
780 2523 891 2611 datis,
926 2548 1016 2617 quas
1050 2548 1161 2619 supra
1198 2527 1588 2615 commemoravimus,

193 2642 497 2739 connexuerunt,
526 2642 860 2737 nemotlubitebit.

215 2818 220 2829 ’
259 2825 264 2837 ’
297 2834 544 2907 Constantini
568 2834 626 2905 II.
654 2838 816 2930 epistola
839 2839 887 2906 ad
903 2836 1207 2909 Alexandrinas.
1245 2836 1470 2907 Athanasius
1487 2818 1587 2920 hisce

193 2967 310 3035 fretus
334 2964 468 3034 litteris
492 2962 754 3033 Alexandriam
794 2962 925 3047 rediit,
971 2962 1071 3053 quod
1104 2962 1247 3033 iactum
1280 2976 1336 3031 est
1365 2982 1464 3032 anuo
1496 2971 1583 3044 338.

195 3094 358 3163 Socrates
380 3094 436 3178 ll,
463 3104 497 3173 3.
555 3094 780 3163 sozomenus
803 3090 875 3175 Ill,
905 3100 939 3169 2.
998 3086 1224 3159 Theodoret.
1236 3088 1291 3172 11,
1316 3096 1351 3167 2.
1412 3088 1586 3159 Athenas.

194 3218 302 3311 Apol.
323 3218 402 3289 atla.
424 3220 548 3290 Arian.
563 3232 652 3289 tom.
670 3196 705 3300 1,
730 3224 905 3312 pugilo&
958 3210 1194 3307 Epiphanius
1210 3213 1386 3283 Scholast.
1404 3215 1499 3323 Hist3
1518 3216 1585 3292 tri.
1731 3190 1737 3200 '

193 3365 287 3443 part.
316 3348 383 3434 lv,
413 3356 448 3427 2.
501 3347 624 3418 Mansi
645 3343 798 3415 Collect.
832 3342 960 3437 concil.
982 3357 1072 3410 tom.
1095 3340 1140 3410 lI.
1167 3360 1249 3435 pag.
1274 3346 1386 3421 1274.

292 3529 519 3604 Constantis
544 3526 705 3622 epistola
728 3526 777 3599 ad
793 3520 964 3619 fratrem
991 3520 1274 3608 Constantium.
1324 3523 1444 3591 Fratri
1466 3527 1583 3594 mina·

193 3660 443 3745 turbellam,
474 3658 546 3727 nisi
570 3658 729 3727 Paulam
753 3670 866 3745 atque
888 3650 1134 3756 Athanasium
1164 3647 1300 3721 eiectos
1323 3648 1485 3719 ecclesiis
1509 3652 1584 3721 suis

194 3752 393 3885 restituat..
427 3790 477 3859 Et
500 3784 610 3887 haec,
643 3800 681 3855 et
708 3806 770 3855 sex
801 3794 998 3872 sequentes
1025 3768 1201 3871 epistolae
1219 3777 1444 3888 Constantis,
1478 3776 1585 3847 datae

193 3930 282 3986 sunt
314 3938 414 3985 anno
443 3902 529 3997 343
580 3918 741 3985 Socrates
766 3912 817 3995 11,
843 3918 903 3989 22.

298 4096 519 4171 Constantii
544 4060 728 4192 epistolae
757 4085 806 4165 a'd
829 4088 1089 4165 Athanasium
1113 4100 1205 4160 tres.
1229 4055 1398 4181 'Quihus
1423 4060 1584 4187 eum-‘ati

192 4226 355 4297 reditum
378 4226 519 4296 invitat.
567 4220 802 4305 Socratesils
839 4228 899 4301 23·
951 4215 1177 4289 'theodoret
1201 4214 1253 4298 ll,
1291 4226 1347 4295 11.
1383 4214 1583 4285 secundant

1289 4340 1354 4423 7*
