4392 5559
722 310 1016 411 „543-,

258 522 381 611 Quae
411 518 562 611 quidem
592 520 890 615 disputationum
925 522 1399 616 scra-magusmuirorum
1437 526 1564 609 doctae

132 664 241 711 turn
259 646 343 733 ⁷8),
368 670 498 719 eorum
524 648 901 725 authentiummodo
928 648 1231 734 deieudautium,
1256 650 1369 728 modo
1399 653 1564 737 reiicieu,

134 748 285 855 tium,
330 790 434 843 nacta
465 790 552 845 sunt
578 774 820 869 diligentiam.
874 778 1021 868 Quippe
1040 796 1230 857 curares
1257 776 1563 865 Manichaeorum

134 912 325 989 propter
358 924 520 972 summas
547 908 731 974 variorum
761 906 922 973 fontium
958 900 1238 993 discrepantias,
1282 924 1494 991 quanquam
1523 907 1562 975 in

129 1022 188 1090 dis
225 1027 489 1117 expediendis<
511 1030 906 1121 atquecoiiustrandis
933 1028 1033 1105 haud
1052 1026 1172 1120 ,pauci
1202 1027 1272 1094 viri
1299 1026 1498 1125 doctissimi
1523 1046 1563 1101 et

136 1150 499 1245 iugeniiucumen¹
521 1158 782 1227 easdncutnae·
802 1158 944 1249 copiam
970 1156 1183 1227 luculenter
1213 1153 1467 1244 probaverint,
1504 1174 1560 1227 et·

139 1276 340 1349 iamnum
372 1281 477 1351 haud
509 1284 593 1353 satis
622 1284 816 1375 expetitae
835 1299 883 1355 ¹et
899 1283 1147 1359 -collustratae
1172 1281 1279 1365 siut,
1305 1282 1402 1352 istae
1430 1306 1560 1363 ornnes

139 1402 410 1479 difficultates,
433 1410 533 1479 illico
560 1426 835 1493 evanescerent,
868 1410 905 1482 si
926 1410 1109 1502 illarum„
1129 1431 1159 1477 ax
1173 1408 1331 1486 Menate
1352 1409 1432 1501 ipso
1454 1411 1559 1491 natta

140 1544 314 1620 tarum,
352 1516 866 1628 disputationumsinceritas
888 1552 1171 1615 cumanensem
1194 1536 1466 1615 dubitationem
1495 1564 1558 1632 po·-

142 1660 222 1729 sita
251 1676 361 1731 esset.
414 1662 577 1754 Ideoque
599 1661 698 1733 haud
720 1662 858 1733 mitum
883 1678 954 1751 est,
981 1662 1080 1755 quod
1106 1662 1176 1737 riri
1191 1661 1295 1736 docti
1314 1662 1363 1733 de
1384 1664 1495 1735 hacce
1516 1687 1559 1737 re

144 1800 361 1881 tantopere
387 1788 581 1885 digladiati
600 1806 696 1861 suut.
1543 1808 1546 1813 ’

265 2044 345 2113 Iam
372 2066 460 2114 vero
484 2045 532 2129 ii,
567 2045 631 2135 qui
658 2044 745 2116 illas
770 2044 1035 2137 disputationes
1062 2047 1244 2141 genuinas
1266 2044 1423 2130 habeut,
1451 2061 1555 2125 ‚vete-

147 2190 242 2239 rum
271 2184 421 2263 patrum
449 2173 662 2242 testimonio
680 2174 918 2267 potissimum
946 2174 1132 2248 nituntur·
1181 2172 1442 2264 Sed.Cytilltts
1463 2177 1555 2262 (Cae

151 2296 260 2367 tech.
275 2296 372 2384 vt),
396 2298 626 2390 Epiphanius
651 2296 825 2383 (Haeres.
845 2299 933 2387 66.)
957 2316 1069 2392 atque
1094 2306 1272 2384 Socrates,
1304 2301 1368 2391 qui
1396 2316 1441 2371 ex
1466 2302 1553 2393 ipsis

151 2428 261 2497 Actis
287 2424 390 2493 haud
417 2424 536 2495 dubie
555 2425 779 2506 hauserunt,
815 2428 1079 2517 antiquitatem
1104 2424 1381 2504 tautummodo,
1411 2448 1551 2529 nequa,

149 2567 387 2644 quarnfvero
415 2550 666 2621 sinceritatem
694 2570 822 2619 eorum
849 2554 1017 2645 probant.
1070 2556 1200 2624 Restat
1229 2552 1344 2645 igitur
1368 2552 1551 2643 Hierony,

151 2682 211 2756 mi
243 2680 462 2764 auctoritas,
489 2680 555 2769 qui
577 2677 678 2749 uude
697 2700 762 2749 sua
786 2680 958 2753 sumserit
983 2683 1088 2751 latet.
1117 2682 1385 2759 Verumtamen
1412 2681 1443 2749 si
1468 2694 1550 2757 rem

151 2807 362 2879 accuratius
387 2816 635 2897 perscrutere,
659 2804 932 2899 Hieronymum
956 2824 1003 2877 ex
1022 2806 1175 2891 eodem,
1194 2826 1271 2895 quo
1289 2806 1424 2890 ceteri,
1445 2808 1551 2883 fonte
1577 2788 1581 2793 ’

152 2934 342 3017 hausisse,
371 2932 569 3003 manifeste
594 2944 707 3021 patet.
735 2934 837 3023 Quae
864 2934 965 3003 enirn
991 2933 1105 3005 tradit
1125 2931 1382 3020 „Archelaum
1409 2937 1549 3028 'episco-

151 3082 249 3153 pum
259 3055 560 3153 Mesopotamiae
572 3058 872 3148 disputationem
883 3057 1061 3130 habuisse
1075 3062 1260 3131 aduersus
1271 3054 1549 3149 Municheeum,

153 3197 362 3255 exeuntem
405 3184 451 3255 de
473 3179 656 3259 Perside“
695 3203 805 3275 porro
838 3182 1067 3271 „Oloruisse
1099 3206 1184 3253 eum
1216 3183 1283 3253 sud
1317 3183 1550 3278 imperatore

155 3308 306 3385 Pr0t0“
333 3309 461 3379 eadem
487 3309 527 3377 in
550 3308 649 3379 Actis
671 3308 806 3377 nostris
828 3311 1019 3403 leguntur.
1069 3308 1173 3379 Istud
1200 3332 1287 3382 vero
1313 3290 1448 3406 „Syro
1468 3340 1547 3387 sen

149 3462 270 3513 mone
291 3434 530 3534 composuit“
555 3436 610 3505 nil
637 3449 691 3506 est
718 3436 788 3505 nisi
813 3436 1022 3506 coniectura
1043 3458 1090 3505 ex
1115 3449 1177 3522 eo',
1200 3434 1298 3529 quod
1317 3436 1356 3505 iu
1372 3442 1545 3535 Mesopo.

154 3568 292 3640 tantiae
315 3564 411 3635 urbe
435 3566 561 3659 agitur
589 3584 666 3648 res,
697 3560 817 3631 ducta.
869 3565 990 3654 Quam
1011 3563 1451 3638 viriboniconiocturam
1469 3594 1545 3643 esse

154 3697 370 3790 pessimam,
402 3716 491 3763 mox
518 3688 865 3761 demonstrabimus.
916 3694 1038 3791 ,atque
1061 3692 1110 3761 ob
1141 3692 1247 3765 illam
1270 3695 1385 3784 ipsam
1407 3698 1544 3765 conis·
1626 3734 1629 3737 ·

152 3862 710 3894 ..μ-...ημκ-ὴ-κ-η-’ω--υ-ᾳ-ψο
780 3877 784 3885 .

393 3903 398 3914 Α

219 3980 260 4055 ⁷⁸)
285 3980 376 4040 Viros
399 3978 519 4048 doctos,
544 3984 598 4059 qui
620 3981 749 4041 iliarum
768 3984 1022 4061 disputationum
1042 3987 1246 4049 authentiam
1261 3998 1315 4047 aut
1329 3983 1542 4053 <tetenderunt

282 4102 337 4150 aut
366 4092 566 4159 reiecerunt,
598 4096 804 4153 enumeravit
827 4092 991 4157 Fabricius
1013 4095 1099 4157 Bihl.
1127 4117 1228 4178 graec.
1251 4100 1301 4158 ed.
1326 4098 1438 4159 Haries
1460 4109 1538 4161 torn.

278 4200 348 4261 vtt.
371 4220 439 4282 peg-
455 4208 530 4268 277.
1273 4210 1277 4217 ’

1239 4324 1309 4403 6*
