4392 5559
701 324 990 413 ...27-

155 592 161 623 ,.
255 532 384 613 Resto't
411 539 567 613 tertium
602 538 740 611 Volesii
768 552 1031 633 argumentum
1065 534 1316 609 refutandum.
1367 540 1463 628 „Qui
1487 540 1543 609 al-

148 668 220 735 teri
244 668 543 758 aliquidaddit,
578 684 616 739 et
649 668 713 761 qui
743 668 905 739 alterum
928 665 1118 735 interdum
1142 662 1393 746 emendat,.is
1423 679 1544 753 poste·

148 795 227 861 rior
249 792 398 864 videtur
423 795 615 889 scripsisse.
667 794 779 885 Atqui
796 795 1022 863 sozomenus
1047 790 1233 882 quaedam
1253 786 1446 859 interdum
1475 786 1541 853 ad·

150 916 208 985 dit
241 917 401 1005 Socrati,
424 922 524 991 etin
550 919 740 1013 aliquibus
765 918 853 989 locis
879 919 926 987 ab
964 940 1009 987 eo
1037 914 1214 987 dissentit.
1265 913 1451 985 Posterior
1471 912 1541 1007 igi·

147 1058 212 1111 tur
236 1044 386 1115 videtur
412 1046 595 1139 scripsisse
621 1048 880 1119 sozomenus.“
930 1048 1180 1131 sozomenum
1194 1041 1373 1133 copiosius
1395 1063 1452 1109 res
1478 1063 1540 1107 ex·

145 1191 307 1261 ponere,
342 1172 401 1241 vel
424 1173 577 1265 *primus
615 1172 809 1243 oculorum
859 1172 1013 1241 obtutus
1050 1169 1168 1239 docet.
1246 1171 1341 1237 Nam
1374 1167 1539 1238 eiusdem

143 1276 321 1391 temporis
356 1301 545 1392 spatium,
578 1299 679 1392 quod
708 1302 873 1371 Socrates
904 1312 1049 1389 septem
1098 1295 1206 1364 libris
1235 1294 1450 1385 complexus
1472 1308 1540 1377 est,

145 1424 185 1493 in
218 1445 354 1497 novem
385 1426 501 1497 libros
537 1423 715 1497 extendit.
776 1422 879 1515 Quod
908 1444 995 1491 vero
1024 1424 1248 1495 Sozomenus
1270 1432 1327 1489 est
1348 1420 1540 1511 copiosior,

146 1551 432 1641 hinc-proiecto
454 1572 531 1622 non
567 1550 739 1640 sequitur
779 1571 866 1619 euin
885 1548 1078 1620 Socratem
1103 1545 1301 1645 adauxisse.
1360 1547 1433 1622 Nos
1456 1549 1538 1635 qui·

146 1676 231 1745 dem
257 1676 416 1747 Socratis
441 1676 717 1760 narrationem,
747 1674 812 1743 ubi
837 1686 893 1745 est
919 1673 1068 1743 brevior
1091 1688 1204 1764 atque
1225 1673 1434 1756 obscurior,
1460 1696 1536 1749 sae·

147 1801 230 1892 pius
256 1802 443 1895 complere
474 1816 512 1871 et
534 1803 720 1871 illustrare
744 1822 938 1893 possumus
961 1822 981 1869 e
1008 1802 1234 1889 sozomeno,
1263 1800 1327 1871 sed
1350 1804 1422 1871 hoc
1446 1825 1537 1871 neu·

142 1928 287 2018 tiquam
312 1928 391 2019 ipse
417 1928 505 1997 fecit
526 1943 666 1999 auctor.
717 1926 856 2019 Quodsi
874 1926 1101 1997 Sozomenus
1115 1927 1302 1997 Socratem
1322 1927 1538 2023 emendasse

147 2056 300 2141 dicitur,
326 2055 397 2125 hoc
424 2076 572 2147 prorsus
593 2056 734 2125 mirum
760 2068 826 2125 est.
876 2058 973 2127 Nam
1006 2054 1233 2127 sozomenus
1256 2057 1380 2127 multo
1428 2056 1538 2146 plura

144 2181 233 2251 vitia
260 2180 434 2251 historica
459 2182 644 2252 commisit
661 2178 713 2267 49)
739 2204 850 2271 quarn
875 2183 1047 2252 Socrates.
1098 2178 1204 2272 Quod
1228 2202 1299 2251 nec
1315 2181 1442 2273 ipsum
1468 2187 1538 2251 Va·

146 2306 282 2376 lesium
311 2306 460 2383 videtur
495 2310 642 2404 fugisse.
698 2312 795 2380 Nam
833 2308 1111 2399 cumprimum
1146 2306 1298 2377 dixisset
1330 2308 1421 2398 „qui
1444 2310 1536 2379 alte·

144 2456 229 2501 rum
254 2431 445 2505 interdum
474 2437 706 2519 emendat“,
740 2450 864 2527 postea
896 2450 1022 2505 tamen
1054 2420 1261 2529 prudenter
1295 2434 1385 2505 dicit
1406 2440 1537 2521 „Sozo-

145 2582 278 2629 menus
310 2560 352 2627 iu
387 2558 572 2649 aliquibus
602 2559 691 2631 locis
724 2559 909 2632 dissentit
941 2560 1171 2639 aSocrate.“
1222 2564 1396 2632 Attamen
1420 2583 1536 2650 quan·

146 2710 259 2777 quam
292 2708 375 2765 non,
403 2683 538 2753 desunt
564 2686 667 2772 loca,
702 2685 833 2777 quibus
863 2690 1089 2759 sozomenus
1120 2687 1221 2759 haud
1257 2687 1368 2759 dubie
1398 2689 1537 2757 veriora

144 2810 237 2879 vidit
268 2832 380 2901 quam
420 2815 603 2895 Socrates,
644 2834 711 2879 nos
738 2814 891 2901 quidem
909 2814 957 2889 ,in
980 2814 1053 2887 illis
1075 2813 1167 2884 locis
1191 2813 1391 2893 emendare
1413 2834 1536 2906 possu-

146 2958 229 3005 mus
257 2939 445 3007 Socratem
472 2958 493 3007 e
516 2940 734 3023 Sozomeno,
766 2940 828 3009 sed
855 2962 1094 3032 nequaquam
1115 2962 1219 3009 ¹eum
1251 2939 1332 3030 ipse
1363 2938 1537 3007 emenda·

146 3067 200 3131 vit
226 3066 458 3166 Sozomenus.
497 3062 660 3153 ¹Quippe
689 3085 733 3133 eo
754 3064 822 3133 sibi
843 3066 987 3155 imponi
1009 3087 1133 3156 passus
1152 3078 1208 3132 est
1224 3065 1398 3147 Valesius,
1425 3066 1536 3154 quod,

98 3184 109 3201 '
145 3210 232 3259 cum
260 3188 400 3280 etipse
424 3200 463 3257 et
487 3180 551 3255 alii
575 3188 646 3281 viri
668 3187 767 3257 docti
791 3192 1038 3262 e‚Sozomeno
1060 3194 1248 3259 Socratem
1271 3189 1466 3278 aliquoties
1491 3193 1537 3262 il·

147 3318 345 3387 lustrarent
367 3316 677 3409 etvcorrigerent,
701 3314 741 3383 id
767 3318 972 3387 sozomeno
992 3316 1079 3410 ipsi·
1091 3328 1233 3386 temere
1261 3315 1452 3387 tribueret.

152 3648 157 3659 ,
238 3568 474 3643 Examinatis
507 3568 626 3663 igitur
648 3580 685 3635 er
718 3569 889 3643 refutatis
921 3574 966 3643 iis
991 3573 1241 3668 argumentis,
1271 3571 1404 3663 quibus
1429 3571 1536 3641 Vela·
1611 3610 1615 3618 ,

147 3698 221 3766 sius
252 3698 500 3791 sozomenum
527 3716 548 3763 e
573 3694 721 3765 Socrate
748 3716 851 3765 suam
880 3696 1038 3767 hausisse
1064 3698 1254 3778 historiam
1285 3695 1354 3765 sibi
1381 3695 1537 3786 probare

149 3824 248 3891 visus
273 3834 349 3905 est,
387 3834 509 3889 nostra
544 3835 790 3914 argumenta,
811 3823 944 3913 quibus
968 3822 1450 3915 probabiturcontrarium,
1473 3822 1539 3891 de·

147 3946 273 4039 inceps
294 3966 544 4038 exponamus.
602 3946 709 4039 Quod
742 3963 828 4019 aute
861 3950 987 4021 omnia
1012 3951 1065 4032 ‚iis
1089 3948 1326 4021 asserendum
1352 3963 1448 4037 erat,
1471 3951 1538 4039 qui

108 4300 110 4305 ,
214 4228 256 4307 ⁴⁹)
278 4234 333 4294 Du
355 4236 416 4297 Pin
439 4235 522 4299 Bibl.
543 4238 595 4297 des
619 4240 756 4329 Autenti
779 4240 858 4302 ecel.
880 4252 957 4303 tom.
974 4241 1030 4303 111.
1051 4251 1130 4322 part.
1143 4245 1175 4307 2·
1196 4258 1265 4321 pag.
1281 4244 1334 4307 80.

1260 4376 1308 4457 4*
