4392 5559
122 634 129 651 “
178 628 183 637 ·
226 606 402 693 Suca'tras
430 598 948 705 constantinopottoaro'e'er
969 598 1142 676 eduotttts
1176 598 1317 697 ηεαδ·
1337 610 1510 683 Theodo-

120 735 170 805 sii
204 737 355 809 secundi
388 738 547 833 imperio
577 742 690 807 eitam
727 736 860 829 agebat
892 736 934 824 ³).
1007 722 1266 827 Praecepto’res
1299 752 1428 806 nactus
1454 754 1511 809 est

121 863 341 935 Helladiurn
373 878 485 959 atque
519 865 757 934 Ammoniu'rn
800 860 1058 957 grammaticos
1091 860 1145 947 ⁴),
1170 862 1236 952 qui
1257 863 1512 951 Alexandriae,

122 990 197 1059 ubi·
215 1006 302 1061 turn·
321 992 497 1089 temporis
520 1012 711 1060 summurn
729 990 938 1059 litterarum
964 986 1132 1057 studium
1159 988 1325 1085 rigebat,
1345 992 1512 1067 doctrina

122 1136 352 1211 comparata,
387 1116 524 1187 debinc
555 1114 904 1207 Constantinopolin
941 1114 1089 1208 profugi
1113 1117 1254 1185 Socrati
1275 1119 1372 1187 haud
1398 1120 1511 1194 dubie

121 1246 375 1340 ingenuarum
408 1244 563 1325 artium,
595 1262 685 1333 quas
721 1242 788 1311 illo
823 1258 992 1334 tempore
1028 1244 1267 1337 grammatici
1304 1247 1510 1338 tradebant,

122 1372 311 1465 egregiam
326 1370 528 1461 praebuere
546 1366 773 1438 facultatem.
824 1368 1010 1438 Socratem
1038 1385 1164 1463 postea
1188 1374 1509 1470 Constantinopoli

123 1499 235 1567 rebus
264 1496 470 1581 forensibus
505 1516 656 1586 operam
688 1494 848 1577 dedisse,
880 1496 1079 1586 probabilis
1112 1512 1165 1567 est
1197 1501 1360 1570 virorum
1385 1484 1510 1576 docto·

121 1650 211 1697 rum
239 1627 459 1695 coniectura.
510 1623 605 1692 Nam
642 1622 740 1712 quod
777 1626 938 1717 gerebat·
964 1644 1170 1719 cognomen
1213 1626 1428 1701 scholastici
1466 1635 1509 1703 iis

123 1769 272 1825 tautum
307 1750 470 1820 inditum
505 1748 633 1833 fnisse,
665 1750 748 1838 qui,
785 1749 981 1819 rhetorum
1011 1752 1144 1822 scholis
1169 1754 1325 1838 relictis,
1358 1757 1510 1827 causidi-

125 1904 187 1950 cos
214 1900 289 1947 sese
318 1878 602 1969 profiterentur,
636 1876 828 1945 commode
857 1890 1031 1947 monetur
1065 1881 1109 1967 ⁵).
1165 1882 1271 1974 Quod
1296 1904 1511 1972 quanquam

36 1989 40 1998 ¹
125 2010 170 2077 ab
208 2006 288 2074 aliis
324 2000 584 2069 addubitatum
618 2000 670 2085 6),
697 2022 818 2094 neque
854 2004 980 2095 aliquo
1023 2007 1128 2092 loco,
1173 2009 1248 2076 sive
1277 2008 1317 2075 in
1353 1993 1509 2081 Socratis

126 2131 279 2202 historia
313 2126 678 2211 ecclesiastica,“sive
710 2128 802 2197 alibi
836 2130 965 2215 obvio,
999 2131 1136 2203 diserte
1164 2133 1364 2224 probatum
1391 2137 1512 2226 video,

128 2265 184 2331 ex'
202 2259 319 2327 libere
345 2268 471 2323 tamen
497 2268 607 2343 atque
628 2232 758 2323 ‘serere
784 2256 889 2357 dictis
921 2258 973 2345 7),
1002 2260 1137 2350 quibus
1168 2260 1427 2352 episcoporum
1452 2264 1514 2332 de·

127 2388 215 2455 licta
245 2383 567 2476 perstringuntur,
604 2388 796 2451 auctorem
844 2386 1065 2481 theologum
1110 2400 1209 2455 certe
1246 2383 1345 2454 lrand
1389 2389 1511 2476 fuisse,
1593 2409 1602 2418 ·

128 2512 226 2603 qnod
256 2514 329 2581 iam
355 2510 490 2578 suflicit
513 2509 716 2593 resciscere,
732 2514 845 2599 ¹(narn
871 2522 944 2579 non
961 2528 1015 2580 est
1039 2513 1157 2581 nostri
1187 2513 1349 2581 instituti
1380 2514 1426 2583 de
1446 2521 1511 2586 So·

125 2641 235 2707 cratis
265 2640 336 2708 rita
366 2638 531 2720 omnino,
558 2636 621 2705 sed
649 2636 696 2705 de
718 2640 762 2707 iis
784 2638 905 2706 solum
931 2659 1137 2729 exponere,
1161 2660 1256 2727 quae
1286 2639 1332 2705 ad
1365 2642 1513 2710 eiusin-

124 2768 279 2860 genium
293 2780 404 2857 atque
427 2766 591 2836 indolem
617 2765 830 2834 historicam
854 2767 1041 2855 spectant)
1066 2763 1241 2855 suspicari
1265 2764 1362 2833 licet.
1413 2770 1512 2844 Haec

127 2895 229 2963 euim
262 2895 495 2987 potissimum
526 2916 583 2961 res
621 2894 659 2961 in
691 2914 796 2961 causa
829 2892 917 2975 fuit,
952 2892 1052 2981 qnod
1075 2892 1113 2959 in
1138 2889 1384 2960 diiudicandis
1405 2896 1511 2966 Chri-

127 3024 268 3089 stianae
317 3018 503 3087 doctrinae
559 3017 739 3116 dogmatis
786 3040 861 3086 nort
894 3038 999 3087 caeco
1040 3016 1167 3087 furore
1208 3018 1387 3105 ferretur,
1448 3024 1512 3091 sed

139 3186 597 3212 ---=-——·-——-·*··-

206 3316 231 3391 ²)
254 3314 373 3375 Ltuv.
403 3316 489 3377 024.
532 3306 615 3386 Ἐγὼ
638 3308 673 3369 δὲ
702 3306 736 3370 ἐν
763 3314 805 3391 τῇ
834 3308 1090 3371 Κωνσταντίνου
1119 3305 1223 3367 πόλει
1251 3306 1314 3379 τὰς
1340 3306 1514 3391 διατριβὰς

253 3420 469 3502 ποιούμενος,
493 3418 526 3480 ἐν
548 3414 567 3500 ᾖ
590 3416 730 3499 teipso
750 3437 789 3479 τε
813 3417 869 3477 καὶ
892 3414 1085 3502 ἀνετράφην
1106 3439 1133 3475 κ.
1155 3437 1185 3476 τ.
1207 3418 1238 3477 λ.

205 3536 233 3611 ³)
256 3534 325 3595 Lib.
335 3532 386 3593 Vl.
411 3536 499 3597 c.11.
519 3526 706 3589 Θεοδόσιον
727 3525 789 3587 τὸν
810 3532 870 3588 νῦν
892 3528 1039 3611 εὐτυχῶς
1062 3526 1297 3606 βασιλεύοντα.

206 3645 235 3720 ⁴)
257 3644 374 3705 Liblf.
405 3662 432 3700 c.
445 3644 494 3707 16.

205 3754 237 3834 ὅ)
256 3753 378 3811 *Valerii
399 3752 461 3829 vita
483 3748 566 3809 Socr.
590 3776 631 3793 -
658 3747 808 3809 Hankiur
830 3748 881 3809 De
917 3749 1141 3811 Romanarum
1170 3766 1282 3810 retum
1309 3748 1517 3828 scriptoribus

254 3882 325 3943 pag.
343 3868 415 3929 17&

210 3973 241 4053 ⁸)
263 3971 476 4051 Humberger
498 3966 633 4031 Zuvcrf.
657 3968 779 4031 Nuchr.
803 3964 899 4035 Thss·
922 3965 955 4031 S·
966 3970 1038 4034 140-

206 4083 236 4164 7)
259 4084 365 4149 tant.
387 4086 473 4147 c.24.
497 4080 605 4138 Τοῦτο
623 4078 657 4138 δὲ
679 4075 735 4137 ἐπὶ
753 4077 891 4137 πάντων
905 4074 1050 4137 ridebunt
1071 4081 1140 4136 cciv
1160 4074 1431 4158 καθαιρουμένων
1444 4102 1517 4143 ποι.

256 4204 305 4253 εῖν
326 4193 359 4250 οἱ
382 4185 580 4256 ἐπίσκοποι,
601 4190 864 4269 κατηγοροῦντες
886 4184 945 4267 μὲν
966 4186 1023 4247 καὶ
1045 4187 1181 4263 ἀσεβεῖν
1202 4186 1374 4269 λέγοντες,
1400 4190 1465 4264 τὰς
1486 4192 1520 4253 δὲ

258 4301 369 4371 αἰτίας
390 4303 448 4371 τῆς
471 4295 624 4374 ἀσεβείας
647 4296 684 4354 οὐ
708 4294 951 4379 προςτιθέντεςι
1059 4314 1063 4329 ·

1278 4445 1299 4511 2
