4392 5559
1235 372 1524 458 ..92-

676 574 736 645 bri
766 574 879 644 fuerit
904 586 1188 668 argumentum,
1219 576 1385 645 Socrates
1418 572 1572 666 exponit
1604 571 1726 665 capito
1749 594 1851 644 nono
1885 576 1972 645 libri
2004 598 2069 647 se.

675 702 797 771 cundi.
851 698 959 789 Quod
991 699 1021 767 si
1056 698 1160 789 cupis
1188 720 1356 782 noscere,
1393 700 1518 767 volvas
1555 720 1692 789 quaeso
1716 702 1915 770 Socratem.
1966 702 2076 771 Nam

675 826 799 919 ipsum
826 828 947 893 locum
972 844 1180 917 apponere,
1210 822 1369 917 longum
1392 824 1499 892 foret.
1550 824 1671 914 Quam
1696 847 1784 894 vero
1809 825 1917 894 illius
1936 823 2078 893 lauda·

677 952 788 1020 tionis
820 954 982 1022 Socrates
1018 948 1132 1017 habet
1163 948 1489 1040 reprehensionem
1507 948 1592 1039 ¹⁴³),
1625 972 1667 1017 ea
1696 951 1826 1041 utique
1855 948 2076 1020 adscribeir·

675 1076 720 1145 da
740 1092 809 1159 est,
836 1094 879 1146 ut
900 1076 988 1145 inde
1008 1091 1190 1165 quantum
1212 1076 1294 1143 fieri
1318 1078 1432 1166 possit
1456 1076 1502 1143 de
1525 1076 1626 1149 illins
1650 1075 1776 1145 indole
1797 1074 1944 1146 iudices.
1996 1076 2073 1144 So·

675 1220 789 1275 crates
826 1204 871 1269 de
900 1203 1084 1270 Eustathli
1116 1203 1335 1271 Antiochiae
1371 1203 1550 1293 episcopi,
1588 1202 1676 1269 fidei
1699 1205 1881 1273 Nicaeuaa
1909 1203 2071 1271 fautoris

674 1330 836 1411 strenui,
871 1330 1101 1419 depositione
1126 1330 1270 1395 locutus
1299 1328 1352 1394 ita
1377 1327 1518 1420 pergit:
1545 1322 1620 1395 ’Ὁτι
1640 1326 1684 1405 ὡρ
1708 1332 1945 1412 οαθαλλίζοντα
1972 1336 2071 1396 καθ-

674 1454 990 1533 actoritatis-10»,
1026 1452 1141 1545 Κύρου
1168 1460 1228 1537 τῆς
1247 1451 1410 1545 Βερῥοὶας
1446 1450 1623 1520 ἐπισκόπου
1653 1458 1917 1543 κατηγοροῦντος
1944 1451 2066 1534 αὐτοῦ,

673 1584 698 1647 Ι
699 1581 848 1671 ’τώργιοῂ
887 1582 1126 1659 inanimam,-
1162 1585 1219 1661 τῆς
1252 1584 1285 1644 ἓν
1308 1580 1416 1669 Σνρίρ
1446 1578 1641 1656 ἐπίσκοπος,
1683 1574 1728 1657 εἷς
1760 1576 1805 1645 ὢν
1836 1582 1901 1645 τοῖν
1923 1576 2067 1667 μισούν-

671 1734 737 1775 των
765 1708 802 1773 τὸ
830 1704 1026 1792 aproniano,
1061 1712 1094 1771 ἒν
1115 1708 1162 1795 τῷ
1182 1706 1324 1794 ἐγκωμίῳ
1345 1709 1392 1793 τῷ
1417 1704 1462 1781 εἰς
1485 1699 1645 1786 tiaratos
1676 1702 1735 1770 τὸν
1755 1702 1921 1789 lietscinis
1964 1704 2069 1795 ἔγρα-

673 1852 745 1923 ψεν.
807 1828 970 1919 Ιὲαἳργιος
1007 1834 1041 1895 δὲ
1074 1836 1149 1919 περὶ
1177 1828 1373 1895 Εὐσταθιόν
1406 1825 1529 1920 γράρτι
1554 1825 1615 1895 οὐκ
1644 1825 1770 1910 ἀληθῆ.
1825 1824 1964 1897 ‘bonnm
1994 1829 2063 1919 γὰρ

672 1950 866 2025 Εὗσταθιον
887 1950 950 2019 iai
979 1956 1039 2019 τοῦ
1061 1949 1178 2042 Κύρου
1202 1958 1461 2043 corrumpamini
1489 1953 1531 2033 ὡς
1558 1960 1833 2041 amiterninam,
1866 1947 1971 2034 αὖθις
1998 1953 2064 2022 τὸν

672 2084 786 2169 Κῦρον
813 2084 865 2145 ini
896 2086 965 2156 τοῖς
999 2075 1111 2156 αὐτοῷ
1142 2073 1284 2155 ἁλόντα,
1316 2074 1541 2171 καθῃρῆσθαι
1573 2055 1665 2169 miqui.
1716 2084 1789 2148 Καὶ
1819 2084 1888 2160 πῶς
1918 2077 1989 2147 οἶόν
2019 2106 2058 2145 ts

671 2206 785 2295 Κῦρον
810 2204 853 2272 τὰ
873 2204 1056 2289 Σαβελλιόα
1079 2206 1268 2296 φρονοῦντα
1301 2211 1493 2295 κατηγορεῖν
1512 2199 1709 2275 Eirenaion
1736 2202 1779 2285 ὥς
1803 2207 2061 2292 σαβελλίζοττος.

1152 2470 1267 2544 Vitae
1299 2471 1583 2545 Monaciorum.

773 2652 937 2724 Antonii
962 2650 1004 2723 V
1001 2656 1058 2723 ita
1079 2658 1124 2725 ab
1150 2654 1368 2727 Athanasio
1392 2659 1624 2729 concinnata.
1677 2659 1736 2725 De
1761 2671 1949 2753 tempore,
1979 2683 2058 2751 quo

671 2784 761 2850 haec
787 2781 870 2849 Vita
891 2778 936 2847 ab
958 2778 1156 2847 Athanasio
1178 2783 1382 2872 conscripta
1407 2782 1472 2865 sit,
1511 2782 1756 2852 Montlaucon
1791 2798 1878 2854 tom.
1902 2786 1944 2854 lI.
1967 2812 2055 2883 pag.

670 2915 757 2991 785.
782 2907 852 2973 ita:
889 2903 1040 2971 Antonii
1068 2904 1181 2970 vitam
1209 2904 1313 2971 hand
1345 2904 1411 2973 diu
1438 2922 1521 2997 post
1545 2909 1685 2977 loviani
1717 2926 1883 3004 tempora
1915 2913 2056 2980 editam

672 3034 889 3125 opinamur,
919 3050 1019 3097 anno
1041 3030 1187 3097 circiter
1206 3038 1311 3109 365„
1337 3052 1411 3117 quo
1436 3028 1559 3099 sedata
1585 3038 1836 3123 persecutione
1863 3036 2059 3107 Athanasi-

669 3182 712 3231 us
734 3161 774 3229 in
801 3178 890 3248 pace
915 3153 1162 3223 Alexandriae
1188 3154 1413 3223 morabatur.
1467 3155 1694 3251 Rogantibus
1722 3178 1849 3231 autem
1875 3180 2058 3233 transma-

669 3287 759 3357 rinis
781 3280 969 3351 monachis
995 3280 1076 3367 (et,
1114 3292 1157 3347 ut
1184 3281 1261 3351 veri
1295 3279 1417 3348 simile
1448 3282 1612 3372 videtur,
1646 3290 1976 3379 occidentalibus),
2012 3308 2058 3361 ut

668 3424 821 3479 testatur
867 3405 935 3471 sub
982 3403 1154 3485 initium,
1198 3404 1301 3472 illam
1338 3410 1555 3496 composuit.
1613 3410 1777 3483 Socrates
1811 3418 1937 3487 libr.I
1974 3441 2049 3509 cap.

670 3544 730 3612 21.
765 3529 918 3596 Antonii
954 3528 1065 3595 vitam
1101 3532 1368 3617 praetermittit
1400 3557 1607 3625 exponere,
1648 3541 1951 3633 quandoquidem
1981 3544 2054 3613 hoc

668 3660 742 3725 iam
764 3654 809 3721 ab
837 3654 1032 3721 Athanasio
1058 3656 1198 3723 lactum
1226 3659 1284 3725 sit.
1335 3661 1559 3728 Sozomenns
1582 3686 1686 3747 vero,
1726 3669 1790 3755 qui
1814 3668 1894 3737 libr.
1919 3672 1945 3737 Ι,
1971 3692 2049 3762 cap,

670 3792 730 3862 13.
783 3778 935 3844 Antonii
960 3777 1073 3843 vitam
1097 3776 1268 3862 adornat,
1292 3778 1389 3849 hanc
1410 3782 1511 3851 haud
1535 3785 1648 3855 dubie
1674 3810 1720 3861 ex
1741 3792 1932 3862 Athanasii
1954 3794 2050 3863 libro

710 4124 765 4203 ¹⁴³)
788 4126 874 4186 Libr.
897 4128 919 4185 l.
959 4148 1026 4207 cap.
1052 4136 1105 4197 24.
1156 4132 1209 4191 Ex
1238 4130 1350 4192 eadem
1377 4130 1557 4193 laudatione
1584 4131 1691 4195 hausit
1722 4140 1820 4202 etiam
1850 4144 2051 4213 Soromeaus

793 4232 865 4296 libr.
887 4235 942 4295 lll.
967 4257 1033 4318 cap.
1058 4244 1090 4307 6.
1675 4263 1679 4272 '
