4392 5559
710 358 1001 455 risil-

151 576 249 637 rum'
265 567 379 638 codex
393 567 601 657 Bobiensis‚
632 570 734 641 unde
751 572 915 639 Valesius
941 570 1046 640 illsrn
1074 566 1282 641 versionem
1304 568 1451 654 sumsit,
1486 572 1550 639 erl·

154 693 310 787 modum
333 716 484 765 mancus
508 710 572 765 est.
626 699 720 767 Nam
745 694 959 782 eremium,
992 712 1150 786 utraque
1172 697 1343 766 Archelai
1364 720 1449 766 cum
1467 696 1549 765 Ma·

155 821 312 925 nichaeo
339 820 562 914 disputatio,
595 823 752 893 Diodori
783 806 1015 914 epistolarad
1047 818 1270 891 Archelaum
1307 818 1346 889 e't
1381 796 1552 917 epilogus
1594 871 1599 881 ‚

156 946 259 1039 apud
284 946 668 1045 Valeslumtdesuntst
693 947 924 1034 Editionem‚
969 949 1136 1039 quemvis
1159 950 1412 1040 compluribus
1444 970 1551 1017 men·

157 1068 212 1143 dis
232 1050 462 1166 adspersam,
498 1090 536 1144 et
556 1075 625 1144 sub
647 1076 761 1145 linem
790 1075 885 1146 adeo
903 1075 1136 1159 mutilatam,
1168 1074 1280 1166 longe
1300 1087 1424 1143 tamen
1450 1069 1552 1145 com·

157 1178 355 1294 plotiorern
390 1201 725 1291 correctioremque
760 1224 782 1269 e
820 1201 943 1271 codice
976 1200 1167 1269 Casinensi
1204 1201 1374 1268 haustam
1408 1199 1550 1271 curavit

157 1330 340 1424 Zaccagni
364 1312 426 1415 ⁷⁴).
478 1329 553 1400 Sed
579 1327 716 1400 latinus
747 1330 931 1421 interpres
968 1328 1022 1396 vir
1052 1336 1132 1397 erat
1160 1326 1300 1394 minuti
1326 1326 1475 1421 ingenii·
1496 1341 1551 1395 at·

158 1479 233 1545 que
261 1455 459 1551 doctrinae.
512 1430 782 1547 Compluribus
812 1458 913 1525 enim
945 1452 1034 1523 locis
1062 1452 1104 1521 in
1138 1464 1261 1519 tantos
1297 1444 1467 1543 delaps’us
1496 1466 1551 1522 est

159 1604 322 1667 errores,
364 1598 408 1652 ut
435 1584 497 1653 rix
535 1583 768 1654 coniiciendo
804 1603 933 1651 rerum
967 1584 1115 1647 sensum
1143 1574 1431 1666 assequipossis.
1483 1582 1551 1647 At·

162 1732 235 1797 que
258 1706 421 1779 eundem
447 1710 546 1781 haud
577 1730 693 1803 pauca
727 1704 772 1779 err
800 1730 867 1777 suo
893 1703 1046 1799 ingenio
1074 1701 1150 1769 sire
1178 1698 1359 1782 omisisse,
1384 1701 1458 1769 sive
1477 1702 1551 1771 im·

162 1852 321 1905 mutasse
354 1836 540 1933 licenter,¹
565 1835 669 1905 haud
694 1832 964 1927 improbabilis
986 1841 1044 1897 est
1074 1825 1241 1894 virorum
1270 1822 1463 1894 doctorum
1490 1847 1551 1895 sn·

162 1962 277 2056 spicio
296 1961 357 2049 ⁷⁵).

265 2218 542 2313 Disputationes
579 2241 665 2288 veno
699 2216 799 2309 ipsae
835 2212 904 2283 tali
937 2206 1050 2281 motio
1082 2202 1300 2299 procedam.
1369 2203 1500 2277 Manes
1530 2231 1553 2278 e

165 2344 315 2445 Perside
336 2348 515 2441 prologus
543 2348 761 2418 Turbonem
785 2345 961 2413 asseclam
984 2358 1069 2406 curn
1091 2332 1228 2402 litteris
1255 2329 1304 2399 sd
1328 2330 1552 2407 Marcellum

165 2477 304 2560 mittit,
331 2473 431 2543 urbis
448 2472 606 2542 Casohar
623 2472 763 2559 civem,
798 2472 921 2541 virum
933 2462 1131 2559 probitate
1148 2458 1447 2549 liberalitateque
1468 2461 1553 2531 lon·

165 2625 213 2697 gs
234 2602 383 2690 lateque
409 2598 675 2693 conspicuum,
707 2620 877 2690 sperans,
922 2586 1134 2681 dnmmodo·
1156 2584 1261 2653 huno
1282 2580 1328 2650 sd
1359 2586 1554 2675 opiniones

163 2752 246 2799 suas
272 2725 577 2820 pellexisset‚'et
607 2724 709 2793 urbis
726 2726 885 2795 Cnsolrar
910 2735 948 2791 et
972 2696 1272 2787 -circnmiacentis
1294 2713 1458 2805 regionis
1484 2716 1552 2784 ho·

166 2857 285 2924 mines
306 2852 375 2921 sibi
395 2851 570 2923 obnoxios
593 2852 682 2922 lore.
735 2834 962 2934 Μήποείἰυε,λ
982 2842 1119 2915 litteris
1143 2837 1316 2929 acceptis,
1342 2838 1555 2928 Manetem‚

162 3004 242 3070 quo
267 2978 470 3049 accuratius
497 2999 535 3046 se
561 2962 730 3047 doctrina
760 3000 826 3047 sua
851 2974 1027 3056 instruet,
1063 2968 1111 3039 nd
1132 2987 1211 3037 sese
1238 2956 1374 3035 evocat.
1425 2968 1459 3034 T
1463 2944 1576 3038 urbo⁴
1623 3026 1627 3031 ,

175 3386 179 3413 ‚
216 3330 273 3421 Ἣ)
298 3342 457 3424 Zacosgni
496 3343 705 3405 collectanea
735 3346 1024 3401 monumentorum
1064 3344 1211 3396 retornus
1249 3335 1401 3399 ecclesiae
1438 3349 1554 3410 veteris

274 3472 424 3543 ¹graecae
446 3466 478 3515 et
498 3454 627 3516 latinae.
671 3450 793 3511 Romae
823 3453 919 3539 1698.
962 3448 1068 3525 Quam
1092 3446 1266 3531 Zaccagnii
1289 3448 1468 3535 editionem
1495 3454 1555 3518 lla.

294 3564 411 3637 bricius
432 3554 572 3625 inseruit
595 3560 788 3636 Collectioni
812 3579 948 3644 operum
971 3558 1171 3641 Hippolyti.¹
1193 3560 1365 3639 Appendix
1388 3581 1458 3645 ρος.
1481 3572 1554 3636 134.

187 3670 213 3752 j
286 3673 438 3757 'Eandem
461 3676 608 3735 intensis
629 3677 666 3735 in
688 3672 808 3751 Routlr.
833 3672 991 3759 Reliquiis
1013 3670 1108 3751 sscris
1131 3669 1259 3761 rollll.
1321 3756 1326 3765 ν

157 3794 163 3809 ’
231 3812 276 3893 ⁷⁵)
298 3810 348 3871 cr.
376 3787 797 3875 Wazcris'Kerzerrmorte
822 3782 883 3875 na.
896 3818 924 3877 1.
944 3809 1057 3877 soro.
1101 3808 1236 3871 corner
1254 3811 1398 3872 norom
1420 3811 1475 3873 re.
1491 3816 1555 3876 su-

294 3935 380 3983 teurs
404 3922 482 3980 eccl.
504 3933 583 3982 tom.
599 3920 653 3980 ΙΙΙ.
684 3941 754 4001 pag·
772 3927 846 3989 334.
897 3922 1073 3983 Archelaus
1091 3924 1134 3982 in
1152 3922 1288 4002 epistola
1310 3922 1349 3981 sd
1372 3922 1555 3987 Diodorum

295 4037 359 4106 ait,
395 4054 462 4095 sese
487 4047 597 4094 contra
620 4032 789 4093 Menatem
816 4048 885 4091 non·
912 4032 1016 4092 solum
1050 4033 1157 4113 legem
1178 4032 1295 4101 Moris,
1325 4031 1556 4099 verumetiam
1600 4067 1606 4075 ·

296 4159 403 4208 totum
425 4158 511 4205 votus
532 4144 779 4205 Testamentum
795 4144 972 4204 convenire
990 4134 1305 4231 Novo'Testamsnto
1323 4149 1557 4225 comprobasse,

296 4258 380 4336 quod
402 4270 510 4320 tamen
533 4260 567 4318 in
592 4257 809 4336 disputatione
832 4254 1046 4347 antecellente
1069 4252 1316 4335 comprobatum
1345 4255 1552 4319 desideratur.

1327 4378 1351 4449 6
