4392 5559
707 366 998 461 ...494

151 572 242 643 deut
271 567 448 665 epistolae
473 572 620 664 repetit.
654 574 887 645 ,Theodoret
913 577 1020 660 1,10.
1049 574 1228 645 Eusebius
1249 573 1323 643 Vir.
1345 567 1471 645 Consb
1483 572 1550 662 111.

155 712 217 782 17.
243 697 367 767 Menai
392 696 546 767 Collect.
573 700 701 769 concil.
729 714 829 798 tom.
848 702 891 771 ll.
920 722 1004 795 pag.
1031 708 1120 783 922.

258 948 444 1022 Eiusdem
472 952 634 1045 epistola
660 952 709 1023 ad
730 954 1058 1026 Nicomedienses.
1090 951 1353 1023 Constantinus
1378 952 1569 1025 Nicoma

156 1078 302 1149 diauses
323 1077 495 1147 certiores
518 1079 606 1148 lacit
629 1078 675 1147 de
699 1082 930 1175 relegatione
956 1080 1125 1166 Eusebii,
1151 1079 1314 1171 episcopi
1337 1080 1404 1149 sui.
1454 1085 1549 1151 Data

155 1218 213 1275 est
238 1204 329 1273 haec
359 1202 515 1293 epistola
550 1204 662 1273 tertio
694 1226 823 1274 mense
858 1222 941 1300 post
967 1209 1163 1277 concilium
1191 1209 1418 1292 Nicaeum,
1451 1228 1552 1279 anno

160 1338 251 1410 325
287 1328 340 1399 Ci.
360 1325 426 1403 W
422 1328 505 1399 olclz
527 1326 708 1402 Historia
739 1333 808 1425 der
829 1332 1054 1405 Ketzereien
1087 1330 1154 1403 Th.
1176 1344 1212 1413 2.
1246 1332 1286 1403 S.
1311 1341 1401 1415 483.
1425 1336 1551 1405 Theo·

161 1455 281 1525 doret.
297 1456 344 1540 ,1,
370 1466 443 1541 20..
468 1456 531 1547 qui
551 1457 657 1525 illius
672 1472 817 1551 partem
841 1458 1101 1529 tantummodo
1128 1459 1251 1527 habet.
1281 1462 1429 1555 Integra
1451 1476 1553 1533 extat
1638 1472 1646 1485 ‘

157 1583 260 1678 apud
282 1554 470 1655 Gelasium
485 1585 620 1655 ilistor.
643 1608 742 1655 conc.
751 1586 828 1655 Nic.
846 1560 908 1671 Ν.
918 1597 953 1665 2.
975 1587 1014 1655 in
1033 1587 1319 1661 ManaiCollect.
1343 1608 1442 1655 conc·
1459 1601 1552 1658 tom.

159 1716 204 1784 ll.
242 1734 323 1807 pag.
342 1718 429 1793 939.
468 1710 684 1781 Versionem
715 1712 870 1783 latinam
900 1714 1196 1807 antiquissimam
1227 1712 1344 1784 habet
1372 1715 1554 1789 Batonius

164 1845 295 1914 Annal.
318 1840 445 1911 eccles.
468 1860 566 1909 auno
589 1848 675 1921 329.
696 1837 729 1929 9.
760 1848 793 1922 5.

142 2080 145 2090 ’
261 2090 448 2167 Eiusdem
472 2096 634 2189 epistola
658 2096 707 2169 od
727 2088 955 2191 Maeotium.
982 2154 988 2159 .
1008 2072 1103 2163 Data
1127 2108 1182 2163 est
1205 2096 1298 2165 baec
1328 2096 1481 2189 epistola
1504 2099 1552 2169 ad

161 2224 386 2307 Maeotium,
421 2222 766 2308 Hierosolymorum
806 2214 1039 2313 episcopum,
1078 2236 1231 2314 propter
1262 2224 1551 2295 exstructionem

162 2350 335 2441 martyrii
359 2348 571 2419 Servatoris.
623 2351 727 2439 Quae
749 2369 833 2417 cum
855 2346 1029 2417 inchoata
1055 2348 1169 2417 fuerit
1189 2369 1288 2418 anuo
1314 2358 1421 2434 326.
1450 2337 1552 2439 inde,

166 2500 240 2571 quo
265 2492 438 2569 tempore
468 2476 555 2545 illae
588 2474 736 2545 litterae
769 2489 942 2543 exaratae
976 2476 1067 2560 sint,
1104 2474 1241 2568 prodit.
1307 2476 1360 2569 ef,
1392 2472 1555 2553 Marsos

165 2608 294 2679 Laden
321 2603 554 2675 Konstantia
574 2606 609 2673 d.
630 2600 699 2687 Gr.
728 2599 768 2671 S.
792 2610 871 2683 113.
894 2594 1058 2672 Soc'ratas
1075 2604 1116 2687 1,
1138 2613 1173 2685 9.
1200 2602 1427 2672 Theodoret.
1448 2607 1477 2690 I,
1497 2618 1551 2687 17.

164 2728 343 2806 Eusebius
362 2732 433 2800 vit.
447 2732 569 2800 Const.
581 2731 649 2812 ΙΙΙ,
672 2738 732 2809 30.
757 2727 952 2798 Mirandus
974 2728 1230 2815 est·Socrates,
1268 2727 1367 2819 quod
1387 2742 1463 2797 tam
1484 2729 1555 2798 im·

165 2862 328 2956 portuno
359 2856 441 2925 loco
465 2854 603 2925 hancce
628 2854 825 2948 epistolam
855 2854 1030 2947 posuerit.
1056 2858 1151 2925 Nam
1171 2855 1269 2925 inira
1295 2855 1376 2925 Lib.
1391 2858 1419 2927 l.
1445 2878 1475 2927 c.
1497 2869 1555 2943 17.

168 2984 324 3056 eandem
351 2997 641 3069 commemorat,
683 3002 756 3071 quo
780 2980 860 3051 loco
884 2980 988 3051 haud
1020 2979 1132 3051 dubie
1155 2980 1367 3051 collocanda
1395 2997 1497 3052 erat..

269 3238 456 3311 Eiusdem
486 3236 648 3333 epistola
679 3236 727 3305 od
749 3233 899 3307 Arium.
956 3235 1066 3305 Arius
1109 3236 1155 3304 ab
1200 3233 1312 3305 exilio
1352 3252 1555 3308 revocatur.

164 3375 321 3441 Exorata
344 3378 399 3433 est
427 3364 518 3433 hacc
553 3362 709 3455 epistola
736 3383 781 3430 ex
802 3363 964 3434 Walchii
988 3360 1261 3432 verisimillima
1286 3365 1469 3434 sententia
1492 3388 1558 3434 an·

167 3516 216 3561 no
237 3503 345 3579 339,
380 3508 420 3561 et
446 3489 546 3582 quod
573 3486 849 3581 ipsi'epistolae
870 3489 1120 3581 subscriptum
1146 3489 1311 3584 legitur,
1348 3490 1558 3563 antediem

168 3620 344 3711 quintum
357 3617 510 3688 Calend.
528 3618 723 3686 Decetubr.
748 3610 928 3686 Historia
954 3614 1254 3687 dchetzereien
1286 3612 1398 3697 Tho.
1419 3616 1457 3689 S.
1472 3625 1560 3704 487.

167 3752 334 3817 Socrates
360 3748 394 3831 1,
431 3754 491 3827 25.
545 3744 668 3813 Mansi
694 3742 847 3814 Collect.
876 3744 1007 3814 concil.
1033 3758 1123 3813 tom.
1147 3745 1192 3813 ΙΙ.
1228 3766 1310 3838 pag.
1333 3752 1440 3824 1155.

275 3998 462 4070 Eiusdem
490 4000 654 4095 epistola
681 3998 730 4068 od
755 3994 950 4091 Soporem.
989 3994 1252 4069 Constantinus
1276 3993 1503 4068 Christianos
1519 3998 1561 4071 in

173 4124 322 4194 Perside
345 4123 521 4219 degentes
544 4124 640 4219 regis
661 4120 942 4191 benevolentiae
966 4120 1212 4191 commendat.
1242 4120 1337 4190 Data
1356 4135 1410 4190 est
1430 4122 1563 4215 episto·

173 4257 209 4325 ta
235 4276 332 4329 anno
352 4260 437 4335 333.
475 4253 698 4351 Sozornenus
724 4248 773 4333 11,
806 4256 860 4329 15.
893 4246 1117 4317 Theodoret.
1143 4247 1179 4333 1,
1201 4255 1262 4328 25.
1298 4246 1476 4316 Eusebius
1495 4249 1563 4318 vit.

1309 4384 1336 4455 7
