4392 5559
704 416 979 506 -n-

137 608 319 715 epistolae
337 620 499 718 Georgii.
552 624 685 695 Nullus
711 624 814 694 enim
840 649 886 695 ex
909 622 987 695 istis
1014 594 1154 715 synodo
1180 591 1397 716 Ancyranse
1419 624 1533 694 inter·

138 748 215 816 fuit
242 764 388 841 praeter
410 750 626 822 Basiliam.“
1235 746 1240 751 ’

227 960 350 1031 'Petri
372 962 640 1075 Alexandriae
668 963 837 1057 episcopi
859 962 1047 1056 epistolae
1073 981 1168 1054 pars
1198 954 1337 1031 medio.
1387 955 1446 1031 De
1472 966 1537 1051 iis,

140 1106 236 1175 quae
259 1087 501 1157 Alexandriae
524 1104 623 1182 gesto
647 1103 734 1157 sunt
758 1104 910 1158 auctore
932 1088 1067 1171 Lucio,
1096 1088 1267 1180 episcopo
1287 1079 1439 1174 Arione,
1471 1091 1535 1181 qui

138 1225 226 1302 post
251 1214 407 1285 Petrum
430 1218 628 1309 expulsum
651 1219 903 1309 episcopatum
927 1210 1122 1283 obsederat
1149 1224 1356 1295 annom.
1408 1216 1534 1285 Theo

139 1337 257 1409 docet.
284 1340 356 1425 lV,
383 1350 445 1421 22.
1347 1352 1352 1359 '

245 1549 434 1643 Gregorii
457 1524 703 1657 Noricnzeni
723 1554 908 1651 epistolae
931 1554 980 1622 od
1003 1550 1253 1643 Nestorium,
1292 1550 1533 1626 costamine·

136 1678 241 1793 polis
262 1679 497 1773 episcopum,
529 1702 635 1775 porc.
685 1680 744 1749 De
766 1678 1046 1773 Apollinaristis.
1097 1678 1239 1749 sozom.
1263 1682 1329 1766 Vl,
1354 1689 1417 1760 27.
1470 1752 1479 1766 ,

239 1884 458 1958 Innocentii
480 1888 664 1983 epistolae
685 1893 734 1961 od
742 1890 943 1963 'Ioannem
965 1888 1304 1985 Chrysostomum.
1355 1887 1535 1954 Innocen-

137 2015 238 2096 tius,
271 2012 409 2080 Rornae
433 2000 655 2105 episcopus,.
683 2018 860 2087 Ioannem
889 2020 1096 2107 consolatur
1119 2016 1165 2085 ob
1191 2016 1346 2083 inflictas
1369 2014 1403 2081 ei
1426 2012 1533 2088 mise·

140 2141 222 2209 rias.
275 2139 371 2243 Data
406 2140 559 2231 epistola
596 2154 680 2211 cu'm
713 2145 883 2235 sequenti
918 2166 1015 2211 anno
1040 2150 1127 2223 405.
1178 2140 1318 2211 Sozom.
1342 2140 1445 2223 VIII,
1471 2143 1532 2217 26.

136 2265 262 2333 Mansi
289 2262 420 2335 Colles.
446 2268 547 2335 oon'c.
574 2276 664 2337 tom'.
690 2270 750 2337 111.
773 2292 854 2365 pag.
879 2282 988 2352 1117.

243 2472 430 2545 Eiusdem
457 2477 620 2571 epistola
647 2478 696 2547 nd
730 2478 873 2549 clerum
905 2490 941 2547 et
972 2480 1152 2574 populum
1180 2475 1530 2577 Constantinopoli

138 2616 283 2674 iunctm.
336 2603 576 2671 Innocentius
606 2604 650 2672 iis
675 2606 845 2678 animum
873 2602 1008 2673 addere
1037 2606 1187 2690 studet,
1219 2622 1372 2699 propter
1396 2603 1532 2685 fidem,

138 2752 210 2819 quo
238 2730 367 2797 loanni
393 2722 665 2817 adhaerebant,
703 2732 803 2799 mals
827 2731 1110 2822 perferentibus.
1161 2732 1303 2801 Sozom.
1334 2732 1438 2813 VllI,
1468 2737 1529 2809 26.

139 2852 374 2947 Nicephorus
399 2852 590 2941 x111,32‘.
640 2857 764 2927 Mansi
792 2858 943 2935 Collect.
970 2881 1070 2929 conc.
1097 2875 1189 2959 tom.
1214 2862 1276 2964 Ill.
1307 2880 1389 2951 pag.
1421 2862 1531 2960 1095.

241 3094 364 3167 Attici
403 3093 566 3186 epistola
608 3094 658 3162 od
689 3090 931 3189 calliopium.
988 3094 1150 3177 Atticus,
1192 3092 1238 3161 sd
1275 3080 1527 3183 episcopatum

140 3220 478 3311 Constantinopolis
501 3240 600 3287 anno
623 3226 710 3299 405.
737 3232 904 3305 evectus,
930 3218 986 3288 vir
1011 3219 1195 3307 liberalis,
1218 3244 1302 3290 cum
1326 3216 1531 3307 calliopio,

134 3347 347 3419 Nicaeensis
373 3345 544 3415 ecclesiae
572 3342 805 3436 presbytero,
832 3354 1017 3415 trecentos
1041 3368 1174 3416 aureos
1196 3346 1391 3428 mitteret,
1428 3340 1527 3409 benc

134 3472 284 3565 scripsit
308 3472 514 3565 epistolem.
565 3469 728 3540 Socrates
751 3472 838 3556 Vll,
865 3474 929 3549 25.
1061 3500 1063 3505 ·

603 3732 803 3828 Epistolce
833 3732 1048 3830 synodicae
1070 3736 1074 3747 '

238 3920 430 3993 nicaenae
462 3916 608 4012 synodi
639 3916 803 4012 epistola
839 3918 890 3986 od
920 3916 1119 3987 ecclesiam
1141 3913 1449 3987 Alexandrinam
1482 3923 1521 3982 et

6 4070 7 4075 ’
135 4063 287 4125 cunctos
322 4046 515 4142 episcopos
540 4042 738 4137 Aegypti,
774 4038 928 4135 Libyae
958 4054 1067 4134 otpue
1092 4040 1319 4133 Pentapolis.
1368 4040 1427 4109 De
1454 4038 1518 4121 iis,

6 4214 8 4239 .
131 4199 226 4267 quoe
255 4171 440 4262 osynodo
477 4170 679 4239 constituta
708 4179 816 4251 sunt,
847 4181 884 4235 et
916 4166 1073 4257 qualiter
1103 4166 1233 4248 Arius,
1265 4182 1303 4235 et
1334 4168 1400 4258 qui
1431 4189 1518 4234 cnm

6 4320 8 4355 t
130 4307 214 4397 ipso
244 4275 522 4382 consenserant,
552 4292 832 4387 depositisunt.
887 4292 979 4361 nata
1006 4292 1162 4385 epistola
1192 4315 1291 4363 anno
1316 4304 1402 4376 325.
1452 4298 1515 4363 So»
