4392 5559
666 524 922 618 temporibus,
961 520 1121 611 qno‘nsin
1142 518 1384 587 'memoritur
1440 520 1604 588 Socrates
1644 512 1956 607 prostituisse
2020 501 2087 577 ria¹

668 679 736 727 sae
767 670 887 725 totam
910 648 1103 721 ecclesiam
1127 646 1337 731 turbarent,
1382 642 1658 737 quodammodo
1684 656 1887 712 excusetur.
1946 638 2085 734 Quod
2168 669 2170 680 ·

670 808 756 852 sero
788 742 1040 850 solitariorum
1079 772 1278 842 bominum
1310 794 1430 869 nugas
1466 786 1507 840 et
1538 792 1666 840 rerum
1698 768 1977 841 incredibilium
2011 767 2084 834 iu·
2168 736 2170 795 i

669 912 821 981 tilitates
852 918 890 975 et
919 903 998 997 ipse
1031 922 1102 993 pro
1120 900 1215 967 seris
1246 898 1404 985 babuit,
1438 914 1478 969 et
1515 900 1601 970 eliis
1636 922 1705 995 pro
1747 898 1844 971 seris
1878 895 2085 967 habendis

671 1036 842 1121 tradidit,
871 1030 909 1101 id
933 1051 1022 1099 saue
1047 1026 1242 1097 excusabit
1263 1048 1387 1097 nanto.

771 1293 955 1359 Sozounut
980 1290 1150 1375 parentes
1178 1277 1330 1369 quinam
1357 1257 1494 1351 luerint
1513 1300 1590 1350 nou
1629 1292 1783 1349 constat.
1831 1286 1951 1351 Aenus
1985 1280 2083 1373 ipse

671 1422 939 1487 commemorat
968 1422 1101 1476 tuctur
1116 1372 1183 1495 h).
1238 1406 1313 1497 Qui
1342 1407 1398 1474 eir
1422 1428 1445 1475 e
1483 1406 1677 1491 Bethelia,
1711 1406 1939 1475 Gazeeorum
1957 1408 2082 1491 sito,

674 1539 856 1615 oriundus
894 1558 980 1605 curu
1014 1546 1093 1603 tota
1124 1553 1189 1599 sue
1214 1529 1328 1601 domo
1350 1532 1540 1623 simulque
1560 1556 1646 1602 cum
1674 1535 1909 1626 Alophiouis,
1940 1535 2078 1605 fratris

674 1670 757 1755 sui,
792 1662 935 1735 familia
964 1659 1105 1753 primus
1138 1657 1179 1726 in
1211 1657 1278 1727 illo
1302 1658 1384 1729 sico
1404 1660 1654 1735 Christianam
1679 1662 1897 1758 religionem
1917 1664 2078 1755 ample·

674 1813 781 1868 xatus
817 1804 882 1859 est.
960 1790 1085 1877 Atque
1123 1798 1271 1877 praeter
1302 1784 1392 1854 alies
1420 1787 1588 1857 scientias
1618 1812 1795 1885 magnam
1833 1804 1958 1884 postea
1995 1790 2077 1861 sibi

677 1920 903 2015 comparavit
922 1937 1045 1986 sacrae
1072 1914 1274 2005 scripturae
1299 1911 1517 1985 doctrinam.
1594 1916 1810 2011 Alaphionis
1842 1939 1929 1987 sero
1954 1918 2075 1986 lacui·

677 2052 788 2134 liam,
822 2050 918 2137 quse
950 2043 1092 2136 primas
1129 2039 1328 2109 betheliae'
1343 2038 1514 2111 ecclesias
1535 2057 1649 2133 atque
1673 2044 1896 2113 monasteria
1920 2061 2076 2115 exstru-

679 2180 811 2263 xisset,
845 2178 1070 2245 sozomenus
1099 2168 1244 2262 megbis
1268 2166 1375 2236 effert
1403 2168 1586 2239 laudibus
1637 2168 1753 2262 Quid,
1773 2170 1873 2261 quod
1896 2173 2075 2243 eiusdem

679 2304 842 2374 {ansillae
868 2300 956 2371 uiris
984 2296 1175 2369 monachis
1197 2293 1408 2365 adolescens
1431 2318 1519 2365 usus
1540 2310 1595 2365 est
1617 2297 1918 2386 familiariter&
1966 2300 2073 2370 liiuc
2168 2301 2170 2339 ¹

680 2429 921 2501 monachicae
956 2426 1128 2495 sanitatis
1158 2424 1329 2519 vestigia,
1362 2445 1459 2514 quse
1492 2424 1689 2493 sozomeni
1721 2424 1872 2519 iugenio
1899 2427 1974 2495 alte
2007 2429 2072 2495 in·
2168 2402 2170 2415 Ι

679 2557 860 2639 haerent,
894 2551 1094 2646 repetenda
1126 2551 1313 2621 ridentur.
1372 2554 1475 2642 Quae
1497 2550 1648 2643 quidem
1681 2551 1832 2645 vestigia
1858 2556 1973 2623 semel
1995 2556 2074 2627 im·

598 2688 606 2763 s
682 2706 820 2777 pressa,
847 2702 1059 2772 quanquam
1085 2679 1238 2773 posthac
1258 2693 1386 2748 auctor
1411 2678 1597 2749 diversum
1625 2678 1737 2771 plane
1767 2678 1915 2749 vivendl
1937 2702 2070 2775 genus,

683 2809 856 2880 causidici
868 2804 920 2894 ²4)
951 2806 1089 2875 scilicet
1119 2824 1275 2874 munere
1311 2804 1630 2898 Constantinopoli
1664 2808 1829 2894 iunctus,
1856 2824 2071 2894 sectaretur,

685 2978 1183 3001 ffl--n-——n--D—-v

804 3080 894 3154 ὅπως
925 3077 969 3141 riu
990 3077 1031 3159 μὴ
1060 3077 1173 3158 ἀφανῆ
1211 3076 1348 3157 ys'snsus
1377 3077 1424 3137 ed
1460 3075 1549 3139 κατὰ
1586 3076 1651 3151 τὰς
1679 3079 1866 3155 Ιἐκκλησίας
1899 3081 2069 3163 pescipere.
2168 3087 2169 3138 l

809 3192 857 3251 ct.
881 3191 949 3251 Lib.
967 3191 1001 3249 V.
1021 3196 1116 3257 c.22.

744 3305 787 3377 π)
809 3300 879 3361 trs.
897 3300 932 3357 s.
953 3318 978 3359 c.
996 3304 1045 3365 15.

747 3438 787 3513 ²¹)
811 3438 897 3513 Quos
919 3436 939 3495 l.
961 3436 981 3495 l.
1003 3432 1157 3513 ἀγαθοὺς
1177 3427 1301 3513 ἄνδρας
1321 3434 1411 3504 dicit¹
1434 3438 1550 3517 quiex
1577 3434 1771 3513 Alaphionis
1799 3438 1924 3499 familis
1964 3460 2067 3521 usque

810 3545 851 3605 ad
875 3562 965 3604 suam
988 3524 1128 3603 aetatem
1150 3542 1273 3603 inerint
1294 3548 1500 3623 superstites,
1530 3559 1564 3607 et
1584 3546 1779 3625 quibuscum
1801 3552 2068 3612 consuetudinem

786 3674 788 3679 ’
812 3654 972 3715 habuerit·
994 3654 1199 3723 adolescens,
1229 3656 1340 3733 procul
1369 3658 1468 3719 dubio
1497 3662 1655 3740 intelligit
1685 3662 1905 3732 Salamaueru,
1926 3662 2068 3723 Phusso-

812 3785 908 3835 uem,
940 3764 1162 3825 Malchionem
1195 3778 1228 3827 et
1260 3766 1505 3844 Chrispioneru,
1537 3774 1592 3849 qui
1624 3770 1795 3832 Hilarioue
1827 3772 1924 3843 duce,
1959 3795 1977 3832 a
2007 3796 2069 3853 quo

813 3876 973 3956 nlapbiou
995 3876 1108 3937 morbo
1130 3878 1287 3939 liberatus
1308 3880 1349 3939 ad
1371 3878 1588 3941 Christianam
1618 3884 1809 3964 religionem
1835 3884 1970 3943 adactos
2003 3885 2070 3943 lua·

816 4004 881 4062 rat,
910 3990 1107 4051 monasteria
1135 3989 1223 4051 baud
1246 3990 1359 4070 procul
1385 4008 1405 4049 e
1427 3992 1496 4052 sico
1519 3991 1664 4054 Betbelia
1684 3992 1884 4054 incolebant.
1924 3994 1977 4067 ,Οἱ
1999 3994 2069 4053 Lib.

689 4120 698 4129 ·
817 4100 953 4178 vncap.
970 4106 1024 4167 32.

754 4206 796 4287 Ἀ)
822 4208 891 4283 Lib,
910 4210 948 4269 ll.
973 4226 998 4269 e.
1016 4229 1044 4289 5.
