4392 5559
1185 331 1475 419 ...73-

644 547 767 605 c'ausae
806 532 892 605 suae
926 534 1115 605 sinceritas
1140 534 1312 605 eluceret
1364 534 1508 603 Horam
1546 545 1878 601 monumentorum
1909 535 2028 624 (quo-

642 684 745 741 rum,
774 661 872 751 qttod
894 663 933 729 in
951 662 1104 757 singulis
1121 684 1231 753 supra
1249 661 1426 744 vidimus,
1452 661 1568 728 nostri
1592 674 1760 728 auctores
1776 660 1850 727 suis
1868 661 2033 729 historiis

642 789 805 879 plurima
828 786 1087 872 inseruerunt)
1112 787 1207 856 duae
1231 803 1320 855 sunt
1342 800 1482 878 partes,
1522 787 1569 854 ab
1591 788 1671 879 ipso
1698 787 1899 855 Athanasio
1927 808 2031 877 prae·

643 904 787 1005 postero
816 900 948 981 ordine
975 913 1149 1006 digestae.
1201 915 1325 981 Prima
1350 913 1613 1005 complectitur
1640 913 1813 1004 epistolas
1844 911 2035 1001 synodicas

641 1039 804 1129 aliasque
828 1038 875 1111 de
898 1062 1003 1109 causa
1023 1039 1213 1107 Athanasii
1236 1041 1475 1131 conscriptas,
1501 1038 1549 1105 ab
1574 1060 1673 1105 anno
1700 1045 1787 1117 340.
1813 1035 1861 1105 ad
1887 1058 2033 1105 annum

643 1170 740 1248 347„
772 1186 928 1255 quorum
950 1185 1148 1233 commune
1166 1179 1433 1258 argumentum
1452 1180 1507 1239 est
1522 1164 1725 1233 confutatio
1749 1165 2040 1246 calumniarum,

646 1294 690 1359 ab
711 1288 923 1360 Eusebianis
944 1290 983 1358 iu
1007 1290 1149 1381 synodo
1167 1289 1298 1380 Τγτία,
1321 1290 1360 1357 iu
1375 1294 1546 1359 Mareote
1565 1302 1605 1356 et
1628 1289 1718 1357 alibi
1734 1290 1905 1359 adversus
1920 1291 2035 1357 Atha·

644 1422 787 1491 nasium
820 1430 1054 1487 structarum.
1106 1414 1272 1483 Secunda
1310 1436 1395 1505 pars
1423 1415 1616 1483 historiam
1649 1414 1796 1483 Meletii
1829 1438 2036 1504 rerumque

644 1548 690 1615 ab
717 1546 888 1633 Ischyra,
927 1540 1080 1609 Arsenio
1108 1555 1145 1607 et
1170 1539 1388 1626 Eusebianis
1409 1555 1536 1609 contra
1558 1541 1802 1609 Athanasium
1835 1558 2037 1635 gestarum,

644 1670 923 1759 earundemque
961 1676 1207 1735 monumenta
1240 1665 1544 1757 comprehendit,
1587 1666 1634 1733 ab
1666 1688 1766 1735 auno
1796 1677 1882 1747 30&
1916 1692 2034 1761 usque

591 1852 595 1857 .
645 1798 691 1867 ad
718 1781 804 1878 338·

1044 1976 1240 2075 Apologia
1268 1984 1316 2053 de
1338 1978 1443 2076 sugo
1476 2009 1547 2057 suo
1564 1987 1643 2078 000).

747 2167 867 2237 Huius
892 2160 1086 2256 apologiae
1110 2164 1397 2235 conscribendae
1416 2166 1484 2255 ¹⁰⁹)
1510 2182 1654 2239 causam
1675 2182 1819 2239 enarrat
1841 2170 2035 2241 Athanasi-

647 2322 690 2369 us
708 2296 746 2365 in
769 2297 849 2386 ipso
869 2288 1029 2361 exordio.
1061 2287 1685 2380 NimirumLeoatiusAntiochiae,
1705 2296 1891 2365 Narcissus
1916 2298 2036 2365 Nero·

648 2394 765 2491 niadis
792 2433 830 2486 et
853 2413 1035 2507 Georgius
1059 2413 1261 2482 Laodiceae
1288 2416 1497 2509 episcopus,
1532 2421 1753 2489 Arianoru‘rir
1779 2406 2033 2515 antesignani,

648 2568 731 2614 cum
757 2562 868 2637 aegre
889 2541 1053 2624 ferrent,
1087 2542 1348 2627 Athanasium,
1390 2567 1500 2635 quem
1530 2547 1696 2616 emedio
1721 2546 1907 2615 sublatum
1931 2572 2038 2641 prae·

648 2670 842 2762 optabant,
888 2656 980 2759 fuga
1023 2686 1100 2733 sese
1145 2667 1386 2761 proripuisse,
1432 2694 1474 2741 ac
1511 2672 1654 2761 Syriani
1698 2674 1817 2762 ducis,
1858 2676 1902 2745 ad
1939 2699 2031 2747 eum

665 2918 1167 2944 &man—‘tw‘

691 3056 751 3135 1⁰³)
773 3050 900 3112 Haecce
920 3044 1067 3125 apologia
1089 3064 1156 3105 noo
1177 3046 1281 3106 solum
1305 3048 1426 3127 pluries
1452 3051 1537 3131 apud
1557 3066 1684 3114 nostros
1708 3068 1957 3116 commemorata
1986 3057 2033 3115 le'·

773 3164 877 3241 gitur,
907 3157 959 3216 recl
982 3157 1128 3215 Socrates
1153 3159 1251 3217 etiam
1274 3176 1311 3219 ao
1333 3158 1555 3223 Theodoretue
1578 3167 1745 3241 totos‘ejm
1763 3166 1850 3227 locor
1870 3173 2033 3229 transscri-

772 3278 919 3347 pseruna
960 3264 1081 3325 Socrat.
1097 3264 1170 3325 libr.
1180 3265 1223 3324 ΙΙ.
1244 3268 1311 3345 cip.
1325 3274 1386 3338 28„
1421 3270 1493 3330 libr.
1503 3272 1560 3331 Ill.
1574 3291 1639 3351 aaa
1651 3279 1704 3340 18.
1747 3273 1942 3338 Theodorat.
1958 3276 2030 3338 libr.

775 3380 817 3438 11.
839 3396 904 3454 cap.
923 3380 953 3440 5.
976 3379 1027 3439 13.
1052 3378 1102 3440 14»
1127 3381 1178 3440 15.
1221 3372 1346 3437 Sozam.
1367 3378 1440 3437 libr.
1457 3379 1495 3438 V.
1522 3398 1588 3459 cap.
1607 3385 1659 3447 12.

698 3536 752 3613 ¹⁰⁹)
775 3536 825 3596 De
846 3548 1009 3615 tempore,
1037 3554 1098 3614 quo
1120 3532 1198 3594 haec
1221 3536 1567 3630 apologia-conscripta
1592 3552 1658 3611 est,
1688 3541 1899 3605 Mantiancon
1917 3548 2028 3607 toml.

773 3664 843 3725 pag.
857 3650 931 3719 319.
951 3647 1017 3707 ita:
1047 3646 1269 3718 Arbitramnr,
1291 3666 1378 3708 anno
1400 3654 1477 3717 357.
1499 3650 1557 3711 vel.
1572 3656 1648 3719 358·
1677 3671 1752 3713 eam
1777 3658 1928 3735 scriptam
1955 3676 2030 3717 asse.

775 3756 850 3815 Nou
878 3767 979 3834 potest
996 3758 1114 3835 qnippe
1128 3768 1205 3815 ante
1225 3774 1352 3817 annum
1368 3763 1444 3823 357·
1462 3759 1546 3821 edita
1565 3759 1682 3834 fuisse,
1702 3780 1778 3823 cum
1793 3782 1836 3824 eo
1853 3767 1925 3844 ipio
1942 3785 2030 3827 aooo

776 3866 950 3945 contigerit
975 3866 1065 3927 Harii
1092 3867 1217 3944 lapsus,
1252 3866 1290 3926 in
1308 3864 1383 3955 „hoq
1404 3885 1501 3944 opera
1533 3880 1741 3947 memoratur.
1785 3872 1906 3956 Nequit
1931 3878 2034 3937 etiam

774 3975 859 4035 ultra
886 3994 1011 4037 anuum
1030 3980 1104 4054 358.
1126 3972 1266 4053 differri,
1296 3993 1371 4035 cum
1391 3974 1564 4059 Leoodus,
1591 3980 1650 4057 qui
1672 3996 1820 4043 eo·anne
1838 3983 1927 4046 diem
1947 3987 2035 4049 obiit
2082 3969 2085 3973 Δ

777 4102 983 4166 supremum,
1011 4062 1106 4144 aaut
1118 4083 1218 4143 semel
1241 4093 1278 4143 nt
1304 4096 1459 4164 supernas
1495 4061 1704 4154 memoratur.
