4392 5559
1219 344 1517 437 ,ἄμ

678 561 772 627 lium
816 570 1037 652 argumenta
1071 558 1293 651 plerumque
1329 551 1564 650 exposuerit,
1603 556 1642 627 id
1663 554 1822 629 ‘factum'
1846 554 1926 629 ess‘e
1940 558 2077 629 studio

679 682 890 771 breuitatis,
916 687 975 758 eui
1007 700 1134 755 tamen
1155 686 1373 775 ceteroquin
1409 698 1488 753 tam
1510 684 1618 753 male
1636 683 1841 775 prospexit,
1865 684 1978 755 alium
1994 709 2078 776 ,pu-

2175 689 2177 820 l

597 856 607 869 .
678 810 751 883 lius
772 811 877 883 illius
903 808 958 879 rel
983 809 1129 878 subesse
1152 808 1299 879 causam
1321 810 1486 879 'fortassis
1507 812 1671 903 opinens.
1730 816 1982 883 Summenum
2008 813 2076 879 ni.
2175 825 2176 900 y

678 942 815 1009 mirum
842 937 1005 1008 minime
1041 950 1198 1029 propter
1223 932 1336 1015 ¹istud
1380 935 1568 1006 brevitatis
1609 936 1797 1020 studium,
1843 937 1943 1027 qrsod
1980 936 2078 1005 laiso

674 1064 945 1163 praetercurrit,
966 1060 1029 1131 sed
1056 1061 1143 1133 ideo
1167 1075 1387 1156 argumenta
1408 1060 1673 1133 tantummodo
1694 1060 1861 1144 dedisse,
1884 1066 2078 1153 quoniam,
2175 1057 2176 1142 ἶ

677 1214 761 1263 cum
779 1191 844 1260 illa
859 1204 939 1259 acta
964 1186 1157 1283 originalia
1181 1186 1280 1281 apud
1305 1190 1492 1259 Socrstem
1520 1188 1748 1258 adverbum
1773 1189 1992 1280 transcripta
2013 1190 2076 1257 iu·
2175 1249 2176 1286 ,

677 1318 850 1403 venisset,
882 1315 953 1385 hac
984 1336 1099 1408 opera
1137 1312 1382 1407 supersedere
1413 1312 1586 1383 voluerit.
1646 1314 1726 1383 Hoc
1759 1334 1847 1383 sero
1872 1326 2073 1405 propterea

677 1445 788 1515 statui
823 1442 972 1535 nequit,
1007 1442 1187 1532 quoniam
1216 1452 1301 1509 tum
1323 1438 1550 1510 sozomenus
1580 1462 1716 1533 parum
1740 1440 1811 1511 sibi
1840 1442 2073 1512 constitisset.

677 1578 769 1647 Nam
804 1569 994 1660 complura
1028 1567 1143 1637 etiam
1178 1566 1334 1636 exhibet
1364 1568 1500 1659 scripta
1526 1568 1744 1665 originalia,
1769 1587 1865 1659 quae
1889 1569 2018 1639 eadem
2047 1594 2072 1639 a

677 1706 824 1772 Socrate
849 1692 1084 1763 exhibentur.
1134 1694 1193 1763 Sic
1207 1696 1382 1764 -socrstss
1404 1694 1485 1762 libr.
1504 1697 1550 1763 ΙΙ.
1581 1718 1665 1787 esp.
1679 1705 1739 1778 37.
1766 1710 1966 1787 utramque
1990 1700 2075 1770 Ari·

678 1821 855 1897 minensis
882 1817 1015 1911 synodi
1035 1816 1230 1911 epistolum
1263 1834 1303 1889 et
1324 1821 1529 1891 Constantii
1553 1822 1698 1892 litteras
1722 1822 1769 1892 sd
1793 1822 1979 1913 synodum
2006 1846 2073 1891 ex·
2176 1843 2178 1860 ’

677 1951 794 2045 ponit.
844 1946 1071 2019 Sozomenus'
1107 1945 1372 2015 serolibssll.
1397 1947 1555 2039 cap.18.
1581 1946 1743 2040 priorem
1766 1961 1916 2019 tantum
1937 1951 2072 2040 synodi
2176 1953 2177 2048 ᾗ

678 2076 873 2173 epistolam
911 2072 1044 2161 habet,
1088 2071 1251 2143 duarum
1292 2092 1380 2141 vero
1427 2088 1636 2145 ceterarum
1676 2088 1899 2170 argumenta
1930 2077 2072 2147 solum·
2176 2065 2177 2142 Ϊ

678 2204 788 2277 modo
826 2199 941 2268 affert.
1016 2196 1056 2266 Si
1090 2196 1208 2293 igitur
1235 2210 1393 2281 statuas,
1424 2197 1675 2273 sozomenum
1715 2202 1867 2273 illamm
1907 2200 2070 2275 duarum

678 2330 915 2426 epistolarum
943 2338 1166 2419 argumenta
1198 2346 1241 2394 ea
1268 2323 1319 2393 de
1346 2346 1453 2393 musa
1477 2327 1704 2419 exposuisse,
1727 2329 1903 2419 quoniam
1928 2340 2022 2399 totas
2045 2354 2070 2398 s

677 2465 823 2530 Socrate
847 2455 1026 2549 expositas
1050 2453 1258 2538 invenerit,
1284 2472 1354 2521 cur
1375 2473 1450 2521 non
1475 2452 1608 2545 prioris
1637 2475 1786 2543 quoque
1813 2452 1916 2523 illius
1935 2436 2069 2544 synodi
2176 2433 2177 2442 ἵ

677 2584 852 2678 epistolae
884 2594 1105 2675 argumento
1141 2578 1336 2691 deiunctus
1369 2578 1448 2649 est?
1518 2580 1633 2647 Portu
1665 2580 1890 2649 sozomenus
1912 2600 1990 2649 non
2008 2606 2070 2653 so·

678 2716 758 2781 lum
780 2712 1001 2804 argumenta
1027 2704 1250 2801 scriptorum
1277 2704 1538 2799 originalium,
1570 2704 1636 2777 ssd
1656 2703 1736 2797 ipsa
1758 2712 1909 2797 'quoque
1932 2709 2068 2804 scripta

678 2834 869 2936 originalia
892 2830 1227 2922 adscribitfquae,
1251 2831 1347 2922 quod
1372 2854 1459 2900 mox
1491 2824 2067 2935 accuratius-demonstrabimus,
2177 2865 2178 2906 z

676 2960 773 3055 apud
799 2964 984 3032 Socratem
1007 2980 1082 3029 non
1107 2961 1300 3057 leguntur.
1349 2957 1448 3027 Hinc
1473 2957 1588 3051 igitur
1608 2970 1741 3051 sponte
1766 2974 1881 3051 patet,
1902 2983 1975 3033 non
2001 2970 2065 3036 So.

675 3103 833 3170 cratem,
864 3085 1040 3159 sedulius
1068 3086 1180 3155 luisse
1212 3085 1352 3171 lantes,
1384 3106 1407 3151 e
1433 3086 1568 3177 quibus
1593 3084 1818 3155 Soromeuus
1845 3086 1911 3156 illa
1932 3091 2064 3185 scripta

675 3216 853 3283 hauriret.
910 3213 1071 3303 Quinam
1101 3210 1162 3283 illi
1181 3212 1348 3296 tuerint,
1374 3213 1500 3281 statim
1535 3212 1578 3280 in
1609 3210 1763 3284 exordio
1794 3211 1876 3304 ipss
1906 3213 2065 3287 declarat
2177 3255 2178 3280 .

675 3353 812 3409 auctor.
884 3340 982 3406 Cum
1016 3338 1181 3429 denique
1208 3335 1310 3406 hand
1351 3357 1439 3405 raro
1477 3334 1643 3425 aliquam
1680 3335 1868 3409 doctrinae
1903 3348 2064 3434 speciem

676 3464 820 3533 affectet
833 3459 904 3547 ⁵³),
930 3459 1060 3551 quidni
1085 3484 1107 3530 e
1132 3464 1299 3543 Socrate,
1332 3458 1364 3529 si
1393 3482 1480 3529 eum
1504 3460 1698 3552 expilarit,
1719 3464 1863 3534 crebras
1886 3464 1935 3535 de
1961 3468 2065 3540 libris

676 3579 986 3679 sc'riptoribusque
1006 3584 1219 3669 sententias,
1235 3562 1239 3570 ’
1254 3577 1387 3677 quibus
1400 3586 1487 3655 aliis
1512 3585 1700 3658 doctrinae
1725 3590 1913 3660 affectatae
1936 3593 2063 3665 fucum

675 3719 794 3785 iacere
818 3714 942 3805 'posset
967 3710 1165 3799 facillime,
1191 3711 1232 3781 in
1260 3734 1366 3782 suam
1392 3710 1596 3821 historiam
1611 3714 1829 3804 transtulit?

740 4004 781 4085 ⁵³)
803 4006 857 4081 ste
888 4009 925 4067 in
953 4008 1119 4075 orations,
1148 4022 1212 4085 qus
1243 4022 1324 4087 opus
1352 4021 1448 4067 suum
1475 4003 1657 4071 Theodosio
1682 4008 1793 4089 offert,
1817 4014 1954 4075 oratoris
1975 4014 2064 4095 iuge·

800 4106 894 4173 nim'n
924 4115 1036 4185 iactor,
1067 4111 1154 4193 quod
1176 4111 1311 4175 nullum
1330 4109 1437 4177 hibet.
1464 4114 1578 4175 .Porro
1601 4116 1719 4179 tint.
1741 4140 1770 4180 c.
1787 4125 1821 4189 6.
1843 4136 1979 4203 prssster¹
1993 4140 2063 4183 sem

801 4225 843 4283 ad
860 4225 994 4295 manem
1007 4224 1187 4296 doctrinam
1206 4222 1431 4285 semustam
1440 4225 1794 4293 intexitnarrationem
1808 4232 1847 4291 de
1861 4234 2064 4311 maonautis.
