4392 5559
1183 282 1474 369 -u—

640 499 754 589 crates
779 484 820 569 1,
843 491 888 567 9.’
903 480 1133 553 ‘l'lraodoret
1157 486 1197 573 1·‚
1225 494 1259 569 6.
1291 486 1476 577 Epiphan.
1496 482 1674 593 Scholast
1698 484 1802 569 VIII,
1827 492 1888 565 12.
1920 448 2100 553 Man·

639 616 670 684 si
696 610 847 681 Collect.
874 610 1001 680 concil.
1023 624 1114 680 tom.
1140 611 1185 679 Il.
1207 632 1289 706 pag.
1314 619 1400 694 909.

738 844 921 919 Serdicoe
939 843 1087 937 synodi
1109 845 1273 939 epistola
1298 847 1347 915 ad
1367 867 1503 917 omnes
1526 844 1658 937 utique
1679 843 1885 937 episcopos.
1939 843 2092 912 Nar·

638 990 771 1051 rantur
794 970 1008 1041 calumniae
1032 968 1232 1039 Athanasio
1261 970 1311 1038 ab
1337 970 1551 1039 Eusebiania
1588 971 1793 1061 impositae.
1843 967 2094 1039 Athanasii

640 1092 852 1175 innocentia
875 1093 1105 1178 declaratur,
1130 1094 1257 1162 Ariani
1278 1118 1365 1165 raro
1388 1095 1550 1189 episcopi
1574 1112 1612 1164 et
1636 1096 1880 1178 damnantur,
1906 1108 1945 1161 et
1976 1091 2086 1159 de-

643 1238 842 1323 ponuntur.
894 1220 988 1289 Data
1021 1236 1076 1289 ast
1101 1220 1256 1312 epistola
1278 1194 1489 1303 annom.
1515 1221 1590 1291 aire
1605 1229 1690 1303 317.
1735 1218 1969 1293 Theodoret.
2005 1219 2085 1301 11,

546 1396 552 1403 -
631 1363 679 1435 8.
723 1348 897 1417 Athanas
924 1346 1028 1439 Apol.
1054 1345 1134 1415 adr.
1158 1346 1281 1416 Arian.
1309 1348 1447 1416 tomI.
1475 1368 1557 1441 pag.
1581 1354 1664 1426 102.
1713 1344 2078 1439 Epiphanscho·

645 1481 726 1549 last.
757 1476 826 1559 IV,
861 1480 921 1553 24.
979 1471 1103 1539 Mansi
1136 1470 1290 1540 Collect.
1319 1472 1446 1542 concil.
1481 1485 1575 1542 tom.
1599 1472 1660 1541 lll.
1693 1494 1776 1566 pag.
1801 1482 1862 1554 57.
1911 1472 2069 1562 Quam

589 1624 592 1635 ·
647 1600 906 1672 Theodoratus
935 1596 1021 1666 lidei
1047 1598 1245 1667 formulam
1277 1596 1368 1667 huic
1395 1597 1574 1690 epistolae
1601 1597 1847 1689 appendicem
1882 1598 2066 1683 adiecit,

651 1751 733 1797 eam
759 1724 1010 1817 surreptitiam
1036 1738 1074 1793 et
1101 1724 1147 1791 ab
1172 1723 1248 1793 alio
1276 1724 1550 1818 superadditam
1574 1747 1651 1793 essa
1680 1725 1814 1817 probat
1839 1725 1967 1795 Bittius
1996 1730 2057 1797 in

651 1824 748 1923 notis
770 1849 819 1919 ad
843 1852 940 1920 hanc
963 1856 1070 1943 epist.
1095 1852 1134 1919 in
1156 1851 1279 1919 Mansi
1296 1851 1445 1920 collect
1467 1852 1494 1919 l.
1520 1854 1544 1921 l.
1569 1874 1652 1946 pag.
1676 1858 1740 1933 85.
1795 1850 1850 1921 Cl'.
1873 1851 1940 1925 W
1935 1854 2052 1925 arcte

556 2050 559 2055 ,
653 1976 831 2051 Historia
869 1977 937 2047 der
968 1976 1192 2049 Ketzereien
1240 1974 1307 2047 Th.
1325 1987 1364 2057 2.
1399 1975 1439 2047 S·
1467 1985 1552 2058 522·
1610 1976 1791 2049 Anrnerlt.
1822 1986 1859 2056 2.
1911 1979 2045 2051 'Facis

625 2106 744 2179 aial.
787 2094 855 2175 der
883 2100 1266 2175 Ki‘rclrenuersomml.
1290 2105 1361 2174 des
1386 2110 1423 2185 4
1445 2113 1536 2185 u.5.
1552 2102 1687 2176 Jahra.
1723 2102 1792 2175 Th.
1812 2115 1850 2185 2.
1885 2104 1925 2177 S.
1957 2114 2049 2189 143.

653 2230 835 2307 Anmerlc.
864 2238 947 2313 159.

756 2464 1141 2560 Hierosolymitonne
1176 2467 1320 2560 synodi
1357 2468 1600 2571 epistolarii
1631 2488 1765 2539 omnes
1792 2468 1969 2565 Aegypti
2004 2488 2047 2547 et

658 2598 808 2691 Libyae
834 2592 1034 2685 episcopos.
1086 2590 1182 2659 Data
1214 2606 1270 2661 est
1294 2592 1386 2663 haec
1419 2594 1574 2705 epistola
1605 2610 1760 2687 propter
1784 2598 2041 2687 Athanasium,

659 2718 932 2795 Alexandrinae
964 2715 1139 2796 ecclesiae
1170 2717 1404 2803 restitutum,
1434 2741 1536 2790 anno
1561 2727 1648 2805 3117.
1701 2720 1844 2792 So'zom.
1868 2722 1939 2807 ΙΙΙ,
1975 2733 2054 2817 223

661 2848 836 2919 Athanas.
855 2842 961 2942 Apol.
981 2840 1062 2913 adv.
1082 2840 1204 2910 Arian.
1235 2852 1325 2911 tom.
1340 2844 1367 2911 l.
1394 2867 1475 2941 pag.
1497 2855 1580 2930 tts
1630 2848 1754 2917 Mansi
1780 2846 1931 2917 collect.
1953 2869 2046 2952 pon-

661 2978 718 3051 cil.
744 2988 834 3042 tom.
860 2969 923 3040 111.
950 2990 1033 3077 ρας.
1062 2977 1147 3051 173.

761 3204 1025 3281 Ariminenses
1047 3206 1193 3297 synodi
1218 3207 1402 3301 epistolae
1428 3210 1479 3277 ud
1499 3206 1769 3283 Constantium
1790 3214 1908 3294 duae,·
1945 3212 2054 3283 dataa

665 3338 763 3410 inno
786 3342 870 3414 359.
922 3329 1040 3397 Priori
1075 3328 1231 3419 epistola
1256 3330 1419 3425 synodus
1444 3354 1512 3419 aa,
1546 3357 1643 3426 quae
1668 3337 1900 3423 decreverat,
1932 3341 2055 3433 impe‘

591 3540 596 3549 p
666 3460 779 3534 ratori
809 3454 1010 3553 siguificat,
1043 3453 1237 3546 posteriori
1264 3454 1426 3525 eundem
1461 3476 1585 3556 rogat,
1617 3476 1660 3531 ut
1696 3464 1767 3533 sibi
1797 3464 1862 3533 det
1895 3464 1941 3533 ad
1971 3490 2054 3536 suas
2191 3528 2192 3532 ,

668 3585 836 3660 ecclesias
868 3580 1051 3651 redeundi
1085 3583 1312 3652 facultatem.
1365 3587 1529 3658 Socratas
1554 3592 1607 3675 ll,
1633 3600 1692 3672 37.
1746 3591 2059 3678 Sozomenaslll,
2191 3596 2192 3599 ’

671 3722 729 3798 18,
765 3710 926 3803 priorem
963 3722 1110 3776 tantum
1141 3708 1267 3777 habet.
1324 3710 1550 3810 'l'heodoret
1582 3718 1643 3802 ΙΙ,
1679 3727 1733 3800 19.
1769 3727 1830 3797 20.
1881 3720 2055 3789 Athanas.

670 3842 728 3911 De
753 3836 902 3928 synodis
924 3851 1013 3906 torn.
1042 3835 1084 3903 11.
1115 3856 1199 3929 pag.
1215 3844 1304 3917 723.
1325 3845 1411 3919 768
1464 3839 1648 3932 Epiphan.
1674 3829 1849 3915 Scholast.
1861 3846 1903 3928 V,
1927 3856 1986 3925 21.
1998 3856 2060 3937 22,

672 3964 794 4036 Maasi
817 3962 972 4031 Collect.
993 3959 1126 4031 conell.
1149 3974 1239 4030 tom.
1264 3962 1326 4033 ΠΙ.
1360 3986 1443 4059 pag.
1466 3974 1553 4047 305.
1574 3977 1660 4050 308.
1679 3968 1837 4039 alteram
1864 3991 2003 4065 graeca
2022 3987 2062 4039 at

674 4092 808 4173 latine.
844 4089 1007 4180 priorem
1032 4110 1120 4158 vero
1145 4087 1260 4159 latine
1287 4091 1548 4163 tantummodo
1573 4094 1761 4165 exhibens.
