4392 5559
657 339 712 361 -··
773 298 839 391 75.
889 334 959 359 -·’

208 504 248 573 ld
276 526 386 597 porro
416 502 628 575 historicam
650 508 801 577 Eusahii
821 506 936 577 sidem
960 500 1165 575 admodum
1188 518 1392 594 suspectam
1414 504 1496 573 red·

83 628 180 713 dit,
208 632 328 721 quod,
343 632 577 701 Constantini
601 633 801 709 Christiani
825 634 962 702 nimius
985 631 1173 714 laudator,
1200 631 1246 697 de
1268 632 1347 699 eius
1368 630 1497 699 adrer-

85 759 287 827 sariorum
316 760 517 853 gentilium
544 762 639 829 sarua
671 772 854 851 quantum
879 762 960 828 lieri
988 770 1107 849 potest
1132 756 1331 825 detrahere
1362 759 1498 829 studet.

90 882 217 970 Quod
252 888 282 955 si
308 888 491 957 Licinium
520 887 728 969 crudelem,
746 902 914 953 avarum
946 882 1264 973 libidinosumque
1291 883 1401 969 dicit,
1434 909 1501 957 nos

95 1014 382 1083 consentientes
407 1014 560 1098 habeat,
593 1016 650 1083 sin
683 1034 769 1082 vero
796 1012 957 1083 errndem
991 1009 1146 1079 secundi
1173 1009 1266 1079 belli
1293 1032 1378 1079 cum
1402 1002 1499 1081 Con·

97 1138 279 1207 stantino
303 1154 516 1222 auctorem,
551 1138 667 1229 idque
694 1140 835 1207 bellurn
865 1137 975 1205 unire
1001 1157 1020 1202 a
1042 1136 1285 1204 Constantino
1308 1137 1359 1203 ait
1384 1161 1502 1209 susce·

97 1278 236 1353 ptum,
259 1280 303 1335 ut
321 1268 429 1335 terris
447 1266 619 1335 aLicinio
645 1266 782 1335 vexatis
794 1246 1051 1356 ¹religionique
1063 1260 1293 1329 Christianae
1307 1262 1353 1328 ah
1369 1264 1503 1332 eodem

100 1412 328 1480 suppressae
352 1392 585 1476 subveniret,
614 1405 654 1458 et
674 1390 822 1459 sibimet
847 1390 936 1481 ipsi,
961 1402 997 1457 et
1021 1388 1221 1483 gentilibus
1239 1388 1422 1458 historicis
1446 1414 1504 1460 res

103 1516 385 1610 tragatur102).
437 1518 528 1607 Quis
556 1516 706 1585 tandem
740 1533 812 1602 est,
843 1518 907 1605 qui
943 1536 1018 1585 non
1051 1531 1240 1582 aversetur
1267 1515 1504 1589 Constantini

108 1642 399 1733 crudelitatem,
433 1662 505 1730 qua
527 1640 575 1709 ad
594 1636 802 1732 'imperium
828 1662 937 1711 suum
961 1638 1229 1709 stabiliendum
1252 1660 1337 1733 erga
1366 1642 1502 1711 Licini·

108 1790 205 1849 um,
238 1768 372 1839 sororis
396 1787 483 1835 suae
510 1768 708 1850 maritum,
739 1764 891 1858 eiusque
911 1767 1096 1835 familiam
1124 1766 1278 1835 saeviit?
1330 1766 1505 1837 Attamen

110 1896 299 1963 Eusebius
320 1896 426 1965 illam
453 1918 497 1965 eo
521 1895 733 1964 oblitterare
755 1910 926 1977 conatur,
957 1906 1000 1959 ut
1023 1891 1393 1981 Licinium‘suosque
1416 1891 1508 1967 beili

110 2024 200 2119 iure
227 2022 445 2093 diiudicatus
469 2020 733 2111 damnatosque
759 2022 876 2115 lingat
894 2018 972 2105 1⁰³).

223 2309 351 2374 Restat
376 2316 421 2370 ut
445 2300 569 2392 paucis
591 2320 836 2390 exponamus,
876 2296 967 2389 quid
1000 2296 1106 2367 nobis
1137 2296 1377 2367 statuendum
1410 2300 1510 2369 vide·

121 2448 207 2503 atur
232 2431 279 2500 de
304 2430 375 2499 is'to
401 2428 517 2495 crucis
545 2426 670 2519 signo,
703 2424 799 2513 quod
816 2418 1084 2508 Constantino,
1126 2441 1250 2493 contra
1277 2426 1513 2495 Maxentium

124 2556 388 2653 proficiscenti,
424 2556 464 2620 in
492 2552 592 2620 coelo
621 2551 833 2641 apparuisse
860 2565 988 2649 auctor
1013 2566 1066 2619 est
1088 2550 1267 2619 Eusebius
1286 2552 1364 2639 ¹04).
1408 2538 1513 2625 'Nam

126 2685 265 2753 summi
292 2680 474 2751 momenti
496 2694 551 2747 est
575 2696 651 2760 res,
689 2675 989 2767 quandoquidem
1015 2698 1060 2747 eo
1082 2674 1163 2767 ipso
1187 2675 1448 2749 Constantinus
1469 2664 1516 2751 ad

125 2810 375 2879 Christianam
398 2806 622 2899 religionem
644 2803 790 2871 adactus
808 2822 884 2873 esse
908 2802 1052 2871 diciturt
1105 2786 1336 2899 Quocunque
1362 2806 1516 2886 demum

129 2936 245 3003 inodo
276 2955 331 3003 res
361 2956 440 3001 sese
464 2930 638 2999 habuerit
663 2934 778 3015 (nam
808 2926 980 2995 miraculi
1009 2927 1268 3017 interpretatio
1304 2930 1414 2999 dubia
1441 2951 1518 3019 est,

129 3083 253 3151 neque
285 3058 449 3128 virorum
474 3056 667 3125 doctorum
694 3053 912 3120 coniecturis
935 3052 980 3120 de
1006 3052 1076 3119 hac
1099 3074 1139 3119 re
1163 3054 1266 3121 iuvat
1288 3056 1425 3125 addere
1450 3080 1518 3129 no·

130 3211 212 3253 ram
226 3188 250 3273 ),
274 3184 345 3252 hoo
365 3182 597 3275 potissimum
616 3187 684 3247 nos
705 3172 803 3245 subit
822 3178 967 3261 mirari,
995 3177 1091 3267 quod
1111 3178 1288 3247 Eusebius
1305 3178 1379 3255 rei,
1405 3204 1519 3270 quam

129 3336 206 3383 non
236 3312 358 3390 solum
384 3306 689 3387 Constantinum,
722 3302 791 3377 sed
820 3302 901 3375 eius
926 3304 1042 3385 otiam
1072 3305 1214 3373 milites
1236 3318 1413 3395 spectasse
1440 3307 1521 3397 ipse

133 3451 305 3521 testatur,
344 3434 493 3505 nullum
515 3431 635 3510 aliurn
653 3442 847 3499 assutorem
867 3430 1001 3517 affert,
1028 3452 1139 3519 qnam
1155 3430 1425 3532 imperatorem
1446 3434 1522 3502 iarn

134 3562 283 3656 pridem
310 3573 537 3643 mortuum„
562 3556 627 3649 qui
652 3574 737 3633 sese·
760 3554 816 3628 de·
833 3556 903 3625 hae
931 3554 1129 3627 rsaddtto
1152 3554 1393 3627 iureiurando
1412 3559 1521 3627 cesti·

181 3908 240 3984 ¹⁰²)
263 3905 408 3966 Zosimus
430 3900 471 3962 il.
492 3906 553 3972 tt,
588 3906 616 3968 t.
646 3906 676 3967 6.

180 4044 237 4119 ¹⁰³)
258 4040 351 4101 Libr.
373 4038 416 4102 11.
446 4044 584 4119 capuli·

189 4181 245 4257 κ»)
267 4178 671 4256 niatronae-³2·
766 4180 769 4194 '
