4392 5559
1216 402 1274 425 .‚.
1330 360 1392 449 30
1446 402 1504 419 ..

1085 562 1264 658 Epistola
1293 566 1340 635 de
1368 564 1534 659 synodis
1551 560 1632 648 ¹¹³).

768 739 847 826 Qua
881 753 984 801 causa
1017 729 1062 797 ad
1097 732 1197 797 hanc
1226 730 1418 821 epistolam
1444 726 1742 799 conscribendam
1760 726 1829 812 ¹¹⁴)
1861 738 2066 819 permotus

667 861 782 929 inerit
809 856 1026 926 Athanasius
1060 854 1159 922 haud
1188 854 1339 924 obscure
1368 855 1507 924 indicat
1538 858 1577 924 in
1610 859 1688 947 ipso
1720 856 1892 935 exordio,
1926 852 1990 920 ubi
2020 870 2065 916 se

665 986 717 1054 ait
740 984 843 1051 illam
872 1004 1036 1049 exarasse
1058 1004 1142 1047 cum
1168 995 1210 1047 ut
1232 982 1435 1049 amicorum
1462 982 1685 1050 desiderium
1714 981 1952 1070 discendique
1976 992 2062 1046 stu·

665 1110 771 1179 dium
790 1107 975 1199 expleret,
1002 1121 1083 1174 tum
1108 1122 1149 1173 ut
1172 1128 1221 1173 ne
1246 1106 1324 1191 illi,
1349 1098 1475 1175 multis
1495 1111 1596 1179 varie
1618 1109 1748 1199 synodi
1771 1122 1874 1202 gesta
1897 1126 2062 1173 narran-

712 1403 768 1481 113)
792 1402 953 1471 Socrates,
981 1400 1037 1477 qui
1060 1397 1167 1455 locum
1190 1416 1229 1455 ex
1248 1395 1312 1455 hac
1334 1393 1470 1473 epistola
1498 1394 1716 1467 transscribit,
1747 1412 1820 1453 eam
1843 1395 1920 1453 citat
1934 1392 1994 1452 snb
2017 1393 2063 1451 ti·

791 1509 858 1569 tulo
886 1503 967 1585 πρὸς
991 1502 1072 1575 τοὺς
1093 1502 1289 1585 γνωρίμους,
1319 1504 1392 1565 libr.
1406 1505 1449 1565 11.
1479 1524 1545 1583 cap.
1561 1510 1621 1577 37,
1651 1504 1848 1563 Sozomenus
1872 1521 1946 1561 sero
1978 1500 2059 1559 libr.
2180 1543 2182 1558 .

793 1620 846 1679 IV.
869 1636 934 1697 cap.
955 1622 1006 1681 17.
1038 1618 1095 1673 snb
1113 1616 1325 1693 inscriptione
1351 1610 1432 1694 πρὸς
1453 1610 1533 1684 τοὺς
1555 1610 1769 1683 ὖπιτηδείους.
1813 1612 1956 1671 Socrates
1977 1609 2056 1669 libr.

791 1730 818 1789 Ι.
839 1747 906 1807 cap.
926 1732 974 1791 13.
997 1725 1115 1804 allegat
1135 1724 1306 1782 Athanasii
1327 1721 1466 1794 librum,
1498 1722 1694 1803 Synodicum
1716 1720 1928 1801 inscriptum,
1951 1740 2056 1799 equo

798 1836 971 1899 nonnullas
991 1835 1134 1912 excerpit
1154 1830 1374 1892 Nicaenarum
1390 1835 1679 1911 subscriptionum,
1700 1854 1780 1913 qnae
1802 1854 1868 1893 non
1892 1834 2058 1893 extantia
2180 1831 2182 1906 ξ

793 1947 854 2009 hac
874 1944 1024 2025 epistola3
1062 1943 1145 2003 uude
1172 1942 1334 2002 diversum
1362 1946 1497 2003 omnino
1529 1943 1691 2023 hocopus
1721 1944 1819 2005 fuisse
1852 1945 2054 2005 censendum

794 2070 850 2119 est.
901 2054 974 2116 Non
999 2056 1087 2114 enim
1110 2052 1150 2112 ad
1179 2071 1326 2132 praesens
1355 2053 1522 2115 Athanasii
1544 2058 1730 2118 institutum
1758 2056 1923 2135 pertinet,
1959 2074 2053 2133 syno-

795 2168 850 2229 dos
874 2164 1045 2225 catholicas
1067 2181 1254 2233 recensere,
1287 2164 1418 2241 ipseque
1443 2162 1603 2239 Socrates,
1632 2184 1706 2225 cnm
1728 2164 1793 2225 alio
1818 2167 1955 2227 nomine
1977 2166 2052 2226 loco
2180 2211 2182 2218 .

794 2297 888 2359 supra
914 2274 1043 2335 laudato
1066 2272 1156 2333 hunc
1179 2272 1303 2333 librum
1332 2275 1494 2346 citaverit,
1524 2277 1597 2337 satis
1618 2278 1728 2337 innuit
1750 2276 1910 2335 diversum
1933 2294 2012 2333 eum
2036 2294 2057 2334 a

795 2386 956 2467 Synodico
980 2403 1055 2443 esse.
1099 2382 1273 2461 suspicaris
1295 2382 1433 2443 fortassis
1456 2403 1474 2443 a
1497 2384 1624 2445 Socrate
1644 2386 1706 2445 sub
1731 2384 1891 2464 Synodion
1910 2386 2056 2465 intelligi

796 2494 964 2556 Athanasii
987 2492 1153 2571 epistolam
1175 2490 1376 2552 dedecretis
1389 2494 1502 2572 synodi
1518 2493 1696 2567 Nicaenae,
1723 2496 1780 2555 sed
1799 2516 1860 2557 nec
1880 2497 1949 2557 illic
1970 2500 2054 2559 istas

797 2603 1043 2679 subscriptiones
1064 2600 1229 2678 leguntur.

719 2714 774 2793 11⁴)
797 2714 848 2774 De
868 2726 1034 2789 temporo,
1065 2728 1128 2788 quo
1150 2708 1342 2770 Athanasius
1363 2710 1448 2772 hanc
1474 2713 1642 2792 epistolant
1666 2718 1855 2787 exaraverit,
1880 2714 2048 2777 Mantian-

797 2843 858 2885 con
880 2835 956 2881 torn.
978 2821 1017 2880 11.
1048 2838 1118 2897 pag.
1134 2821 1208 2883 714.
1235 2820 1296 2878 ita:
1333 2816 1476 2897 Epistola
1502 2822 1542 2881 da
1563 2822 1693 2901 synodis
1720 2825 1914 2887 Ariminensi
1935 2841 1968 2887 et
1989 2828 2050 2887 Se·
2180 2895 2182 2912 Ι

796 2935 943 2993 leuciana
966 2930 1025 2989 sub
1054 2928 1154 2989 tinem
1179 2929 1259 2987 anni
1282 2934 1376 2999 359..
1404 2949 1465 3007 quo
1488 2931 1665 2992 celebratae
1690 2933 1768 2995 illae
1790 2948 1880 3007 snnt,
1907 2941 2051 2999 couscri·
2180 2969 2182 3012 t

794 3054 884 3123 ptam
910 3040 1023 3112 luisse,
1061 3059 1078 3099 e
1102 3039 1245 3119 pluribus
1268 3034 1412 3099 eitisdem
1439 3042 1515 3103 locis
1537 3043 1746 3105 concluditur.
1786 3046 1826 3106 In
1843 3049 1911 3126 ipso
1930 3053 2051 3129 quippe

795 3154 892 3214 initio
915 3163 1117 3210 narraturum
1140 3169 1189 3219 se,
1213 3148 1403 3209 Athanasius
1418 3154 1483 3225 ait,
1504 3171 1554 3211 res
1574 3155 1609 3213 in
1627 3172 1663 3213 ea
1687 3167 1788 3233 gestas
1809 3158 1947 3237 synodo,
1970 3180 2050 3239 quae

794 3275 873 3321 tunc
903 3262 937 3321 in
966 3262 1113 3319 omnium
1137 3278 1191 3317 ore
1221 3271 1407 3319 versaretur.
1450 3259 1615 3338 Liquidins
1637 3275 1747 3323 autem
1774 3278 1910 3327 testatur
1932 3289 1999 3349 cap.
2017 3276 2047 3337 4.

799 3370 1029 3451 professionem
1053 3366 1251 3427 Sirmianam
1277 3368 1479 3427 consulatum
1500 3370 1568 3429 eins
1590 3373 1669 3431 anni
1691 3374 1871 3451 praeferre,
1897 3398 1962 3458 quo
1977 3382 2045 3460 ipse

797 3480 966 3541 scribebat.
1010 3476 1164 3539 Consules
1189 3494 1307 3555 nempe
1331 3476 1486 3536 Eusebius
1507 3491 1541 3538 et
1564 3479 1742 3561 Hypatius,
1775 3482 1946 3552 Sirmiensi
1969 3492 2045 3560 fidei

797 3590 964 3667 adscripti,
998 3588 1098 3649 iidem
1125 3599 1216 3646 erant
1238 3605 1325 3645 anno
1344 3590 1421 3652 359.
1464 3584 1550 3647 Tum
1575 3607 1646 3649 vero
1670 3591 1771 3672 liquet
1795 3616 1835 3656 ax
1859 3605 2044 3682 appendice,

796 3718 893 3780 quam
916 3696 992 3758 huic
1017 3698 1171 3776 epistolae
1187 3700 1323 3757 attexuit
1340 3696 1546 3769 Athanasius,
1568 3698 1721 3761 nondum·
1731 3704 1841 3766 allatas
1864 3712 1927 3773 sibi
1947 3714 2046 3779 inisse

793 3828 844 3870 res
873 3826 984 3867 omnes
1009 3805 1149 3865 Arimini
1180 3817 1299 3883 gestas,
1336 3806 1459 3884 quando
1481 3806 1544 3866 hoc
1574 3812 1764 3889 opusculum
1795 3835 1958 3899 aggressus
1988 3841 2044 3891 est.

797 3920 1016 3995 Quamobrem
1039 3912 1123 3973 nihil
1146 3914 1185 3973 de
1204 3928 1331 3993 patrum
1347 3918 1600 3981 Ariminensium
1622 3922 1731 4002 lapsu,
1760 3927 1844 3989 nihil
1865 3931 1905 3991 de
1930 3934 2044 4013 legatis

794 4031 989 4090 Asianorum
1018 4028 1134 4085 astutia
1155 4022 1255 4087 Nicea
1286 4028 1522 4103 circumventis,
1559 4030 1614 4093 hic
1640 4032 1794 4111 habetur,
1824 4060 1905 4119 quae
1934 4054 2044 4105 tamen

794 4154 832 4195 ao
853 4138 922 4214 ipso
945 4136 1107 4215 contigere
1129 4152 1223 4193 anno.
